DateTime	SlaveNum	Cycle	Mode	SupplyVolts	LSupplyVolts	SupplyAmps	PWM	SecTimer	AvgCellVolts	MaxCellVolts	AvgIR	FallBackVolts	CVStarted	SlowAmps	AvgAmps	FastAmps	SetAmps	AhrIN	AhrOUT	PackVolts	AvgPackVolts	Fuel1	SumError	Cell1Volts	Cell2Volts	Cell3Volts	Cell4Volts	Cell5Volts	Cell6Volts	Cell7Volts	Cell8Volts	Cell9Volts	Cell10Volts	Cell11Volts	Cell12Volts	Cell13Volts	Cell14Volts	Cell15Volts	Cell16Volts	Cell1IR	Cell2IR	Cell3IR	Cell4IR	Cell5IR	Cell6IR	Cell7IR	Cell8IR	Cell9IR	Cell10IR	Cell11IR	Cell12IR	Cell13IR	Cell14IR	Cell15IR	Cell16IR	BP1PWM	BP2PWM	BP3PWM	BP4PWM	BP5PWM	BP6PWM	BP7PWM	BP8PWM	BP9PWM	BP10PWM	BP11PWM	BP12PWM	BP13PWM	BP14PWM	BP15PWM	BP16PWM	Debug1	Debug2	Debug3	
21/03/2022 23:27:43	0	0	8	22.71	22.76	0	1518	9	4.202	4.2023	0	0	False	0	0	-0.01833333	40	0	0	4.243	4.243	-1	-0.034	4.202	0	0	0	0	0	0	0	0	0	0	0	0	0	0	0	0	0	0	0	0	0	0	0	0	0	0	0	0	0	0	0	0	0	0	0	0	0	0	0	0	0	0	0	0	0	0	0	0	0	0	
21/03/2022 23:27:47	0	0	8	22.71	22.76	-0.1	1498	13	4.2	4.201	0	0	False	-0.001666667	-0.01	-0.1216667	40	0	0.0001	4.232	4.232	-1	-0.034	4.2	0	0	0	0	0	0	0	0	0	0	0	0	0	0	0	0	0	0	0	0	0	0	0	0	0	0	0	0	0	0	0	0	0	0	0	0	0	0	0	0	0	0	0	0	0	0	0	0	0	0	
21/03/2022 23:27:57	0	0	8	22.74	22.88	-7.7	426	23	3.897	3.9022	0	0	False	-39.68667	-39.92	-39.98333	40	0	0.0868	3.945	3.945	-1	-0.046	3.897	0	0	0	0	0	0	0	0	0	0	0	0	0	0	0	0	0	0	0	0	0	0	0	0	0	0	0	0	0	0	0	0	0	0	0	0	0	0	0	0	0	0	0	0	0	0	0	0	0	0	
21/03/2022 23:28:07	0	0	8	22.75	22.89	-7.5	430	33	3.873	3.8759	0	0	False	-39.82667	-39.985	-39.51833	40	0	0.1987	3.91	3.91	-1	-0.046	3.873	0	0	0	0	0	0	0	0	0	0	0	0	0	0	0	0	0	0	0	0	0	0	0	0	0	0	0	0	0	0	0	0	0	0	0	0	0	0	0	0	0	0	0	0	0	0	0	0	0	0	
21/03/2022 23:28:17	0	0	8	22.76	22.9	-7.6	410	43	3.867	3.8659	0	0	False	-39.88667	-39.94833	-40.115	40	0	0.3098	3.899	3.899	-1	-0.034	3.867	0	0	0	0	0	0	0	0	0	0	0	0	0	0	0	0	0	0	0	0	0	0	0	0	0	0	0	0	0	0	0	0	0	0	0	0	0	0	0	0	0	0	0	0	0	0	0	0	0	0	
21/03/2022 23:28:27	0	0	8	22.76	22.9	-7.5	422	53	3.854	3.8547	0	0	False	-39.93667	-40.01167	-39.77833	40	0	0.4212	3.888	3.888	-1	-0.034	3.854	0	0	0	0	0	0	0	0	0	0	0	0	0	0	0	0	0	0	0	0	0	0	0	0	0	0	0	0	0	0	0	0	0	0	0	0	0	0	0	0	0	0	0	0	0	0	0	0	0	0	
21/03/2022 23:28:37	0	0	8	22.77	22.91	-7.5	410	63	3.842	3.8422	0	0	False	-39.97	-40.01	-39.89833	40	0	0.5321	3.865	3.865	-1	-0.034	3.842	0	0	0	0	0	0	0	0	0	0	0	0	0	0	0	0	0	0	0	0	0	0	0	0	0	0	0	0	0	0	0	0	0	0	0	0	0	0	0	0	0	0	0	0	0	0	0	0	0	0	
21/03/2022 23:28:47	0	0	8	22.79	22.92	-7.4	406	73	3.83	3.8309	0	0	False	-39.99166	-39.97333	-39.44333	40	0	0.6433	3.865	3.865	-1	-0.034	3.83	0	0	0	0	0	0	0	0	0	0	0	0	0	0	0	0	0	0	0	0	0	0	0	0	0	0	0	0	0	0	0	0	0	0	0	0	0	0	0	0	0	0	0	0	0	0	0	0	0	0	
21/03/2022 23:28:57	0	0	8	22.79	22.91	-7.4	362	83	3.817	3.8182	0	0	False	-40.00167	-39.90667	-39.625	40	0	0.7546	3.853	3.853	-1	-0.034	3.817	0	0	0	0	0	0	0	0	0	0	0	0	0	0	0	0	0	0	0	0	0	0	0	0	0	0	0	0	0	0	0	0	0	0	0	0	0	0	0	0	0	0	0	0	0	0	0	0	0	0	
21/03/2022 23:29:07	0	0	8	22.8	22.93	-6.9	476	93	3.8	3.8009	0	0	False	-39.34167	-38.91667	-37.16	40	0	0.8653	3.83	3.841	-1	-0.034	3.8	0	0	0	0	0	0	0	0	0	0	0	0	0	0	0	0	0	0	0	0	0	0	0	0	0	0	0	0	0	0	0	0	0	0	0	0	0	0	0	0	0	0	0	0	0	0	0	0	0	0	
21/03/2022 23:29:17	0	0	8	22.8	22.95	-6.1	568	103	3.8	3.8009	0	0	False	-34.03333	-33.76833	-32.77333	40	0	0.9639	3.83	3.842	-1	-0.034	3.8	0	0	0	0	0	0	0	0	0	0	0	0	0	0	0	0	0	0	0	0	0	0	0	0	0	0	0	0	0	0	0	0	0	0	0	0	0	0	0	0	0	0	0	0	0	0	0	0	0	0	
21/03/2022 23:29:27	0	0	8	22.81	22.94	-5.2	684	113	3.8	3.8009	0	0	False	-30.09667	-29.54833	-28.49167	40	0	1.0498	3.83	3.842	-1	-0.046	3.8	0	0	0	0	0	0	0	0	0	0	0	0	0	0	0	0	0	0	0	0	0	0	0	0	0	0	0	0	0	0	0	0	0	0	0	0	0	0	0	0	0	0	0	0	0	0	0	0	0	0	
21/03/2022 23:29:37	0	0	8	22.82	22.96	-4.6	760	123	3.8	3.8009	0	0	False	-25.56	-25.42333	-24.87167	40	0	1.124	3.83	3.842	-1	-0.034	3.8	0	0	0	0	0	0	0	0	0	0	0	0	0	0	0	0	0	0	0	0	0	0	0	0	0	0	0	0	0	0	0	0	0	0	0	0	0	0	0	0	0	0	0	0	0	0	0	0	0	0	
21/03/2022 23:29:47	0	0	8	22.82	22.96	-4.1	812	133	3.8	3.8009	0	0	False	-22.475	-22.11833	-22.15833	40	0	1.1886	3.83	3.842	-1	-0.034	3.8	0	0	0	0	0	0	0	0	0	0	0	0	0	0	0	0	0	0	0	0	0	0	0	0	0	0	0	0	0	0	0	0	0	0	0	0	0	0	0	0	0	0	0	0	0	0	0	0	0	0	
21/03/2022 23:29:57	0	0	8	22.82	22.96	-3.4	880	143	3.8	3.8009	0	0	False	-19.67667	-19.36167	-18.495	40	0	1.2447	3.83	3.842	-1	-0.034	3.8	0	0	0	0	0	0	0	0	0	0	0	0	0	0	0	0	0	0	0	0	0	0	0	0	0	0	0	0	0	0	0	0	0	0	0	0	0	0	0	0	0	0	0	0	0	0	0	0	0	0	
21/03/2022 23:30:07	0	0	8	22.83	22.95	-3	952	153	3.8	3.8009	0	0	False	-17.61167	-17.21833	-16.06333	40	0	1.2944	3.842	3.842	-1	-0.034	3.8	0	0	0	0	0	0	0	0	0	0	0	0	0	0	0	0	0	0	0	0	0	0	0	0	0	0	0	0	0	0	0	0	0	0	0	0	0	0	0	0	0	0	0	0	0	0	0	0	0	0	
21/03/2022 23:30:17	0	0	8	22.83	22.95	-2.9	948	161	3.8	3.8009	0	0	False	-16.08	-15.64667	-15.57667	40	0	1.3302	3.83	3.842	-1	-0.034	3.8	0	0	0	0	0	0	0	0	0	0	0	0	0	0	0	0	0	0	0	0	0	0	0	0	0	0	0	0	0	0	0	0	0	0	0	0	0	0	0	0	0	0	0	0	0	0	0	0	0	0	
21/03/2022 23:30:27	0	0	8	22.83	22.95	-2.4	1008	173	3.8	3.8009	0	0	False	-13.62833	-13.59833	-12.65833	40	0	1.378	3.83	3.842	-1	-0.034	3.8	0	0	0	0	0	0	0	0	0	0	0	0	0	0	0	0	0	0	0	0	0	0	0	0	0	0	0	0	0	0	0	0	0	0	0	0	0	0	0	0	0	0	0	0	0	0	0	0	0	0	
21/03/2022 23:30:37	0	0	8	22.83	22.94	-2.2	1028	183	3.8	3.8009	0	0	False	-12.30833	-12.21	-12.01	40	0	1.4132	3.83	3.842	-1	-0.034	3.8	0	0	0	0	0	0	0	0	0	0	0	0	0	0	0	0	0	0	0	0	0	0	0	0	0	0	0	0	0	0	0	0	0	0	0	0	0	0	0	0	0	0	0	0	0	0	0	0	0	0	
21/03/2022 23:30:47	0	0	8	22.82	22.94	-2.2	1036	192	3.8	3.8009	0	0	False	-11.065	-10.97	-11.85833	40	0	1.4413	3.83	3.842	-1	-0.034	3.8	0	0	0	0	0	0	0	0	0	0	0	0	0	0	0	0	0	0	0	0	0	0	0	0	0	0	0	0	0	0	0	0	0	0	0	0	0	0	0	0	0	0	0	0	0	0	0	0	0	0	
21/03/2022 23:30:57	0	0	8	22.82	22.88	0	486	202	3.804	3.8047	0	0	False	-10.395	0.006666667	-0.04	10	0	1.4704	3.842	3.842	-1	-0.034	3.804	0	0	0	0	0	0	0	0	0	0	0	0	0	0	0	0	0	0	0	0	0	0	0	0	0	0	0	0	0	0	0	0	0	0	0	0	0	0	0	0	0	0	0	0	0	0	0	0	0	0	
21/03/2022 23:31:07	0	0	8	22.8	22.79	0	8187	212	3.806	3.8065	0	0	False	-9.2	-9.476666	-10.09667	10	0	1.4866	3.842	3.842	-1	-0.046	3.806	0	0	0	0	0	0	0	0	0	0	0	0	0	0	0	0	0	0	0	0	0	0	0	0	0	0	0	0	0	0	0	0	0	0	0	0	0	0	0	0	0	0	0	0	0	0	0	0	0	0	
21/03/2022 23:31:17	0	0	8	22.8	22.79	0	6603	222	3.8	3.8009	0	0	False	-8.478333	-8.313334	-8.033334	10	0	1.512	3.842	3.842	-1	-0.034	3.8	0	0	0	0	0	0	0	0	0	0	0	0	0	0	0	0	0	0	0	0	0	0	0	0	0	0	0	0	0	0	0	0	0	0	0	0	0	0	0	0	0	0	0	0	0	0	0	0	0	0	
21/03/2022 23:31:27	0	0	8	22.79	22.8	0	5833	232	3.8	3.8009	0	0	False	-7.71	-7.331666	-7.125	10	0	1.5331	3.83	3.842	-1	-0.034	3.8	0	0	0	0	0	0	0	0	0	0	0	0	0	0	0	0	0	0	0	0	0	0	0	0	0	0	0	0	0	0	0	0	0	0	0	0	0	0	0	0	0	0	0	0	0	0	0	0	0	0	
21/03/2022 23:31:37	0	0	8	22.79	22.8	0	5063	242	3.8	3.8012	0	0	False	-6.385	-6.295	-6.075	10	0	1.5517	3.83	3.842	-1	-0.046	3.8	0	0	0	0	0	0	0	0	0	0	0	0	0	0	0	0	0	0	0	0	0	0	0	0	0	0	0	0	0	0	0	0	0	0	0	0	0	0	0	0	0	0	0	0	0	0	0	0	0	0	
21/03/2022 23:31:47	0	0	8	22.79	22.8	0	4815	252	3.8	3.8009	0	0	False	-6.273334	-5.931667	-5.85	10	0	1.5685	3.842	3.842	-1	-0.034	3.8	0	0	0	0	0	0	0	0	0	0	0	0	0	0	0	0	0	0	0	0	0	0	0	0	0	0	0	0	0	0	0	0	0	0	0	0	0	0	0	0	0	0	0	0	0	0	0	0	0	0	
21/03/2022 23:31:57	0	0	8	22.77	22.8	0	4277	262	3.8	3.8009	0	0	False	-5.581666	-5.19	-5.19	10	0	1.5834	3.83	3.842	-1	-0.034	3.8	0	0	0	0	0	0	0	0	0	0	0	0	0	0	0	0	0	0	0	0	0	0	0	0	0	0	0	0	0	0	0	0	0	0	0	0	0	0	0	0	0	0	0	0	0	0	0	0	0	0	
21/03/2022 23:32:07	0	0	8	22.77	22.8	0	3971	272	3.8	3.8009	0	0	False	-4.88	-4.8	-4.756667	10	0	1.597	3.83	3.842	-1	-0.034	3.8	0	0	0	0	0	0	0	0	0	0	0	0	0	0	0	0	0	0	0	0	0	0	0	0	0	0	0	0	0	0	0	0	0	0	0	0	0	0	0	0	0	0	0	0	0	0	0	0	0	0	
21/03/2022 23:32:17	0	0	8	22.77	22.81	0	3433	282	3.8	3.8009	0	0	False	-4.703333	-4.25	-4.098333	10	0	1.6092	3.83	3.842	-1	-0.034	3.8	0	0	0	0	0	0	0	0	0	0	0	0	0	0	0	0	0	0	0	0	0	0	0	0	0	0	0	0	0	0	0	0	0	0	0	0	0	0	0	0	0	0	0	0	0	0	0	0	0	0	
21/03/2022 23:32:27	0	0	8	22.77	22.81	0	3297	292	3.8	3.8009	0	0	False	-3.936667	-3.905	-3.838333	10	0	1.6204	3.83	3.842	-1	-0.034	3.8	0	0	0	0	0	0	0	0	0	0	0	0	0	0	0	0	0	0	0	0	0	0	0	0	0	0	0	0	0	0	0	0	0	0	0	0	0	0	0	0	0	0	0	0	0	0	0	0	0	0	
21/03/2022 23:32:37	0	0	8	22.77	22.81	0	3107	302	3.8	3.801	0	0	False	-3.848333	-3.598333	-3.601667	10	0	1.6307	3.83	3.842	-1	-0.034	3.8	0	0	0	0	0	0	0	0	0	0	0	0	0	0	0	0	0	0	0	0	0	0	0	0	0	0	0	0	0	0	0	0	0	0	0	0	0	0	0	0	0	0	0	0	0	0	0	0	0	0	
21/03/2022 23:32:47	0	0	8	22.77	22.81	0	2627	312	3.8	3.8009	0	0	False	-3.671667	-3.323333	-3.071667	10	0	1.6403	3.83	3.842	-1	-0.034	3.8	0	0	0	0	0	0	0	0	0	0	0	0	0	0	0	0	0	0	0	0	0	0	0	0	0	0	0	0	0	0	0	0	0	0	0	0	0	0	0	0	0	0	0	0	0	0	0	0	0	0	
21/03/2022 23:32:57	0	0	8	22.77	22.81	0	2433	322	3.8	3.8009	0	0	False	-3.435	-3.103333	-2.99	10	0	1.649	3.83	3.842	-1	-0.046	3.8	0	0	0	0	0	0	0	0	0	0	0	0	0	0	0	0	0	0	0	0	0	0	0	0	0	0	0	0	0	0	0	0	0	0	0	0	0	0	0	0	0	0	0	0	0	0	0	0	0	0	
21/03/2022 23:33:07	0	0	8	22.77	22.81	0	2301	331	3.8	3.8009	0	0	False	-3.27	-2.923333	-2.815	10	0	1.6575	3.842	3.842	-1	-0.034	3.8	0	0	0	0	0	0	0	0	0	0	0	0	0	0	0	0	0	0	0	0	0	0	0	0	0	0	0	0	0	0	0	0	0	0	0	0	0	0	0	0	0	0	0	0	0	0	0	0	0	0	
21/03/2022 23:33:17	0	0	8	22.76	22.81	0	2401	341	3.8	3.8012	0	0	False	-3.053333	-2.77	-2.891667	10	0	1.6645	3.842	3.842	-1	-0.034	3.8	0	0	0	0	0	0	0	0	0	0	0	0	0	0	0	0	0	0	0	0	0	0	0	0	0	0	0	0	0	0	0	0	0	0	0	0	0	0	0	0	0	0	0	0	0	0	0	0	0	0	
21/03/2022 23:33:27	0	0	8	22.76	22.81	0	2211	351	3.801	3.8016	0	0	False	-2.445	-2.51	-2.645	10	0	1.6715	3.83	3.842	-1	-0.034	3.801	0	0	0	0	0	0	0	0	0	0	0	0	0	0	0	0	0	0	0	0	0	0	0	0	0	0	0	0	0	0	0	0	0	0	0	0	0	0	0	0	0	0	0	0	0	0	0	0	0	0	
21/03/2022 23:33:37	0	0	8	22.76	22.81	0	1847	361	3.801	3.8018	0	0	False	-2.433333	-2.146667	-2.218333	10	0	1.6782	3.83	3.842	-1	-0.034	3.801	0	0	0	0	0	0	0	0	0	0	0	0	0	0	0	0	0	0	0	0	0	0	0	0	0	0	0	0	0	0	0	0	0	0	0	0	0	0	0	0	0	0	0	0	0	0	0	0	0	0	
21/03/2022 23:33:47	0	0	8	22.76	22.81	0	1889	371	3.801	3.8012	0	0	False	-2.34	-2.165	-2.24	10	0	1.6844	3.83	3.842	-1	-0.034	3.801	0	0	0	0	0	0	0	0	0	0	0	0	0	0	0	0	0	0	0	0	0	0	0	0	0	0	0	0	0	0	0	0	0	0	0	0	0	0	0	0	0	0	0	0	0	0	0	0	0	0	
21/03/2022 23:33:57	0	0	8	22.76	22.81	0	1699	381	3.8	3.8009	0	0	False	-2.231667	-2.116667	-2.015	10	0	1.6902	3.83	3.842	-1	-0.046	3.8	0	0	0	0	0	0	0	0	0	0	0	0	0	0	0	0	0	0	0	0	0	0	0	0	0	0	0	0	0	0	0	0	0	0	0	0	0	0	0	0	0	0	0	0	0	0	0	0	0	0	
21/03/2022 23:34:07	0	0	8	22.76	22.82	0	1509	391	3.801	3.8019	0	0	False	-2.08	-1.703333	-1.753333	10	0	1.6953	3.83	3.842	-1	-0.034	3.801	0	0	0	0	0	0	0	0	0	0	0	0	0	0	0	0	0	0	0	0	0	0	0	0	0	0	0	0	0	0	0	0	0	0	0	0	0	0	0	0	0	0	0	0	0	0	0	0	0	0	
21/03/2022 23:34:17	0	0	8	22.76	22.82	0	1493	401	3.801	3.8012	0	0	False	-1.95	-1.755	-1.736667	10	0	1.7003	3.842	3.842	-1	-0.034	3.801	0	0	0	0	0	0	0	0	0	0	0	0	0	0	0	0	0	0	0	0	0	0	0	0	0	0	0	0	0	0	0	0	0	0	0	0	0	0	0	0	0	0	0	0	0	0	0	0	0	0	
21/03/2022 23:34:27	0	0	8	22.76	22.82	0	1419	411	3.8	3.801	0	0	False	-1.81	-1.635	-1.71	10	0	1.7049	3.83	3.842	-1	-0.046	3.8	0	0	0	0	0	0	0	0	0	0	0	0	0	0	0	0	0	0	0	0	0	0	0	0	0	0	0	0	0	0	0	0	0	0	0	0	0	0	0	0	0	0	0	0	0	0	0	0	0	0	
21/03/2022 23:34:37	0	0	8	22.76	22.82	0	1345	421	3.801	3.8013	0	0	False	-1.668333	-1.471667	-1.565	10	0	1.709	3.83	3.842	-1	-0.034	3.801	0	0	0	0	0	0	0	0	0	0	0	0	0	0	0	0	0	0	0	0	0	0	0	0	0	0	0	0	0	0	0	0	0	0	0	0	0	0	0	0	0	0	0	0	0	0	0	0	0	0	
21/03/2022 23:34:47	0	0	8	22.76	22.82	0	1097	431	3.8	3.8009	0	0	False	-1.556667	-1.413333	-1.276667	10	0	1.7129	3.83	3.842	-1	-0.034	3.8	0	0	0	0	0	0	0	0	0	0	0	0	0	0	0	0	0	0	0	0	0	0	0	0	0	0	0	0	0	0	0	0	0	0	0	0	0	0	0	0	0	0	0	0	0	0	0	0	0	0	
21/03/2022 23:34:57	0	0	8	22.76	22.82	0	1139	441	3.8	3.8011	0	0	False	-1.428333	-1.216667	-1.233333	10	0	1.7164	3.83	3.842	-1	-0.046	3.8	0	0	0	0	0	0	0	0	0	0	0	0	0	0	0	0	0	0	0	0	0	0	0	0	0	0	0	0	0	0	0	0	0	0	0	0	0	0	0	0	0	0	0	0	0	0	0	0	0	0	
21/03/2022 23:35:07	0	0	8	22.76	22.82	0	949	451	3.8	3.8009	0	0	False	-1.326667	-1.11	-1.025	10	0	1.7197	3.83	3.842	-1	-0.034	3.8	0	0	0	0	0	0	0	0	0	0	0	0	0	0	0	0	0	0	0	0	0	0	0	0	0	0	0	0	0	0	0	0	0	0	0	0	0	0	0	0	0	0	0	0	0	0	0	0	0	0	
21/03/2022 23:35:17	0	0	8	22.76	22.82	0	875	461	3.8	3.8011	0	0	False	-1.226667	-0.96	-0.9816667	10	0	1.7227	3.83	3.842	-1	-0.046	3.8	0	0	0	0	0	0	0	0	0	0	0	0	0	0	0	0	0	0	0	0	0	0	0	0	0	0	0	0	0	0	0	0	0	0	0	0	0	0	0	0	0	0	0	0	0	0	0	0	0	0	
21/03/2022 23:35:27	0	0	8	22.76	22.82	0	801	471	3.8	3.8009	0	0	False	-1.125	-0.9483333	-0.9216667	10	0	1.7254	3.83	3.842	-1	-0.034	3.8	0	0	0	0	0	0	0	0	0	0	0	0	0	0	0	0	0	0	0	0	0	0	0	0	0	0	0	0	0	0	0	0	0	0	0	0	0	0	0	0	0	0	0	0	0	0	0	0	0	0	
21/03/2022 23:35:37	0	0	8	22.76	22.82	0	785	481	3.8	3.8009	0	0	False	-1.041667	-0.9483333	-0.8716667	10	0	1.728	3.842	3.842	-1	-0.034	3.8	0	0	0	0	0	0	0	0	0	0	0	0	0	0	0	0	0	0	0	0	0	0	0	0	0	0	0	0	0	0	0	0	0	0	0	0	0	0	0	0	0	0	0	0	0	0	0	0	0	0	
21/03/2022 23:35:47	0	0	8	22.76	22.82	0	769	491	3.8	3.8009	0	0	False	-0.9683333	-0.8416666	-0.8566667	10	0	1.7304	3.83	3.842	-1	-0.034	3.8	0	0	0	0	0	0	0	0	0	0	0	0	0	0	0	0	0	0	0	0	0	0	0	0	0	0	0	0	0	0	0	0	0	0	0	0	0	0	0	0	0	0	0	0	0	0	0	0	0	0	
21/03/2022 23:35:57	0	0	8	22.76	22.82	0	753	501	3.8	3.8009	0	0	False	-0.9066667	-0.7716666	-0.7666667	10	0	1.7327	3.83	3.842	-1	-0.046	3.8	0	0	0	0	0	0	0	0	0	0	0	0	0	0	0	0	0	0	0	0	0	0	0	0	0	0	0	0	0	0	0	0	0	0	0	0	0	0	0	0	0	0	0	0	0	0	0	0	0	0	
21/03/2022 23:36:07	0	0	8	22.76	22.82	0	679	511	3.8	3.801	0	0	False	-0.8116667	-0.7116666	-0.7083333	10	0	1.7346	3.83	3.842	-1	-0.034	3.8	0	0	0	0	0	0	0	0	0	0	0	0	0	0	0	0	0	0	0	0	0	0	0	0	0	0	0	0	0	0	0	0	0	0	0	0	0	0	0	0	0	0	0	0	0	0	0	0	0	0	
21/03/2022 23:36:17	0	0	8	22.76	22.82	0	547	521	3.8	3.8009	0	0	False	-0.7566667	-0.725	-0.6533333	10	0	1.7365	3.83	3.842	-1	-0.034	3.8	0	0	0	0	0	0	0	0	0	0	0	0	0	0	0	0	0	0	0	0	0	0	0	0	0	0	0	0	0	0	0	0	0	0	0	0	0	0	0	0	0	0	0	0	0	0	0	0	0	0	
