DateTime	SlaveNum	Cycle	Mode	SupplyVolts	LSupplyVolts	SupplyAmps	PWM	SecTimer	AvgCellVolts	MaxCellVolts	AvgIR	FallBackVolts	CVStarted	SlowAmps	AvgAmps	FastAmps	SetAmps	AhrIN	AhrOUT	PackVolts	AvgPackVolts	Fuel1	SumError	Cell1Volts	Cell2Volts	Cell3Volts	Cell4Volts	Cell5Volts	Cell6Volts	Cell7Volts	Cell8Volts	Cell9Volts	Cell10Volts	Cell11Volts	Cell12Volts	Cell13Volts	Cell14Volts	Cell15Volts	Cell16Volts	Cell1IR	Cell2IR	Cell3IR	Cell4IR	Cell5IR	Cell6IR	Cell7IR	Cell8IR	Cell9IR	Cell10IR	Cell11IR	Cell12IR	Cell13IR	Cell14IR	Cell15IR	Cell16IR	BP1PWM	BP2PWM	BP3PWM	BP4PWM	BP5PWM	BP6PWM	BP7PWM	BP8PWM	BP9PWM	BP10PWM	BP11PWM	BP12PWM	BP13PWM	BP14PWM	BP15PWM	BP16PWM	Debug1	Debug2	Debug3	
22/03/2022 11:02:50	0	0	6	15.23	15.27	0	1999	13	3.711	3.7122	0	0	False	0	0	0.005	4.2	0	0	3.75	3.75	65.5	-0.034	3.711	0	0	0	0	0	0	0	0	0	0	0	0	0	0	0	0	0	0	0	0	0	0	0	0	0	0	0	0	0	0	0	0	0	0	0	0	0	0	0	0	0	0	0	0	0	0	0	0	0	0	
22/03/2022 11:02:50	0	0	6	15.27	15.27	1.3	2195	14	3.736	3.7372	0	0	False	0.005	0.98	4.623333	4.2	0.0005	0	3.761	3.761	65.6	-0.023	3.736	0	0	0	0	0	0	0	0	0	0	0	0	0	0	0	17.8	0	0	0	0	0	0	0	0	0	0	0	0	0	0	0	0	0	0	0	0	0	0	0	0	0	0	0	0	0	0	0	0	0	0	
22/03/2022 11:03:00	0	0	6	15.26	15.27	1.2	2197	23	3.759	3.7597	18.1	0	False	3.925	4.161667	4.24	4.2	0.011	0	3.796	3.784	67.2	-0.023	3.759	0	0	0	0	0	0	0	0	0	0	0	0	0	0	0	18.1	0	0	0	0	0	0	0	0	0	0	0	0	0	0	0	0	0	0	0	0	0	0	0	0	0	0	0	0	0	0	0	0	0	0	
22/03/2022 11:03:10	0	0	6	15.26	15.27	1.2	2201	33	3.769	3.7697	17.9	0	False	4.048333	4.203333	4.193333	4.2	0.0227	0	3.796	3.796	67.7	-0.023	3.769	0	0	0	0	0	0	0	0	0	0	0	0	0	0	0	17.9	0	0	0	0	0	0	0	0	0	0	0	0	0	0	0	0	0	0	0	0	0	0	0	0	0	0	0	0	0	0	0	0	0	0	
22/03/2022 11:03:20	0	0	6	15.27	15.27	1.2	2207	43	3.775	3.7759	17.8	0	False	4.113333	4.206666	4.22	4.2	0.0344	0	3.807	3.807	68.1	-0.034	3.775	0	0	0	0	0	0	0	0	0	0	0	0	0	0	0	17.8	0	0	0	0	0	0	0	0	0	0	0	0	0	0	0	0	0	0	0	0	0	0	0	0	0	0	0	0	0	0	0	0	0	0	
22/03/2022 11:03:30	0	0	6	15.27	15.27	1.2	2209	53	3.78	3.7809	17.9	0	False	4.145	4.195	4.286667	4.2	0.046	0	3.807	3.807	68.3	-0.023	3.78	0	0	0	0	0	0	0	0	0	0	0	0	0	0	0	17.9	0	0	0	0	0	0	0	0	0	0	0	0	0	0	0	0	0	0	0	0	0	0	0	0	0	0	0	0	0	0	0	0	0	0	
22/03/2022 11:03:40	0	0	6	15.27	15.27	1.2	2209	63	3.784	3.7847	17.9	0	False	4.165	4.203333	4.196667	4.2	0.0577	0	3.819	3.819	68.4	-0.034	3.784	0	0	0	0	0	0	0	0	0	0	0	0	0	0	0	17.9	0	0	0	0	0	0	0	0	0	0	0	0	0	0	0	0	0	0	0	0	0	0	0	0	0	0	0	0	0	0	0	0	0	0	
22/03/2022 11:03:50	0	0	6	15.27	15.27	1.1	2211	73	3.787	3.7875	17.9	0	False	4.183333	4.223333	4.165	4.2	0.0693	0	3.819	3.819	68.6	-0.034	3.787	0	0	0	0	0	0	0	0	0	0	0	0	0	0	0	17.9	0	0	0	0	0	0	0	0	0	0	0	0	0	0	0	0	0	0	0	0	0	0	0	0	0	0	0	0	0	0	0	0	0	0	
22/03/2022 11:04:00	0	0	6	15.26	15.27	1.2	2213	83	3.79	3.7909	17.8	0	False	4.195	4.196667	4.223333	4.2	0.081	0	3.819	3.823	68.8	-0.034	3.79	0	0	0	0	0	0	0	0	0	0	0	0	0	0	0	17.8	0	0	0	0	0	0	0	0	0	0	0	0	0	0	0	0	0	0	0	0	0	0	0	0	0	0	0	0	0	0	0	0	0	0	
22/03/2022 11:04:10	0	0	6	15.27	15.27	1.2	2217	93	3.793	3.7944	17.9	0	False	4.191667	4.186666	4.276667	4.2	0.0926	0	3.83	3.83	69	-0.023	3.793	0	0	0	0	0	0	0	0	0	0	0	0	0	0	0	17.9	0	0	0	0	0	0	0	0	0	0	0	0	0	0	0	0	0	0	0	0	0	0	0	0	0	0	0	0	0	0	0	0	0	0	
22/03/2022 11:04:20	0	0	6	15.27	15.27	1.2	2217	103	3.796	3.7972	17.9	0	False	4.191667	4.186666	4.216667	4.2	0.1043	0	3.83	3.83	69.2	-0.034	3.796	0	0	0	0	0	0	0	0	0	0	0	0	0	0	0	17.9	0	0	0	0	0	0	0	0	0	0	0	0	0	0	0	0	0	0	0	0	0	0	0	0	0	0	0	0	0	0	0	0	0	0	
22/03/2022 11:04:30	0	0	6	15.27	15.27	1.2	2219	113	3.799	3.8	17.9	0	False	4.2	4.205	4.185	4.2	0.116	0	3.83	3.83	69.3	-0.034	3.799	0	0	0	0	0	0	0	0	0	0	0	0	0	0	0	17.9	0	0	0	0	0	0	0	0	0	0	0	0	0	0	0	0	0	0	0	0	0	0	0	0	0	0	0	0	0	0	0	0	0	0	
22/03/2022 11:04:40	0	0	6	15.27	15.27	1.2	2221	123	3.802	3.8034	17.8	0	False	4.191667	4.18	4.276667	4.2	0.1276	0	3.842	3.835	69.4	-0.034	3.802	0	0	0	0	0	0	0	0	0	0	0	0	0	0	0	17.8	0	0	0	0	0	0	0	0	0	0	0	0	0	0	0	0	0	0	0	0	0	0	0	0	0	0	0	0	0	0	0	0	0	0	
22/03/2022 11:04:50	0	0	6	15.27	15.27	1.1	2221	133	3.805	3.8059	17.8	0	False	4.198333	4.203333	4.09	4.2	0.1393	0	3.83	3.842	69.6	-0.034	3.805	0	0	0	0	0	0	0	0	0	0	0	0	0	0	0	17.8	0	0	0	0	0	0	0	0	0	0	0	0	0	0	0	0	0	0	0	0	0	0	0	0	0	0	0	0	0	0	0	0	0	0	
22/03/2022 11:05:00	0	0	6	15.27	15.27	1.2	2225	143	3.809	3.8097	17.8	0	False	4.195	4.166667	4.27	4.2	0.151	0	3.83	3.842	69.8	-0.023	3.809	0	0	0	0	0	0	0	0	0	0	0	0	0	0	0	17.8	0	0	0	0	0	0	0	0	0	0	0	0	0	0	0	0	0	0	0	0	0	0	0	0	0	0	0	0	0	0	0	0	0	0	
22/03/2022 11:05:10	0	0	6	15.27	15.27	1.2	2225	153	3.812	3.8134	17.8	0	False	4.191667	4.178333	4.135	4.2	0.1626	0	3.842	3.842	69.9	-0.034	3.812	0	0	0	0	0	0	0	0	0	0	0	0	0	0	0	17.8	0	0	0	0	0	0	0	0	0	0	0	0	0	0	0	0	0	0	0	0	0	0	0	0	0	0	0	0	0	0	0	0	0	0	
22/03/2022 11:05:20	0	0	6	15.27	15.27	1.2	2229	163	3.815	3.8159	17.7	0	False	4.198333	4.191667	4.2	4.2	0.1743	0	3.853	3.853	70.1	-0.023	3.815	0	0	0	0	0	0	0	0	0	0	0	0	0	0	0	17.7	0	0	0	0	0	0	0	0	0	0	0	0	0	0	0	0	0	0	0	0	0	0	0	0	0	0	0	0	0	0	0	0	0	0	
22/03/2022 11:05:30	0	0	6	15.27	15.27	1.1	2229	173	3.818	3.8191	17.5	0	False	4.191667	4.173333	4.128334	4.2	0.1859	0	3.842	3.853	70.2	-0.023	3.818	0	0	0	0	0	0	0	0	0	0	0	0	0	0	0	17.5	0	0	0	0	0	0	0	0	0	0	0	0	0	0	0	0	0	0	0	0	0	0	0	0	0	0	0	0	0	0	0	0	0	0	
22/03/2022 11:05:40	0	0	6	15.27	15.27	1.2	2229	183	3.821	3.8222	17.5	0	False	4.201667	4.206666	4.2	4.2	0.1976	0	3.853	3.853	70.3	-0.034	3.821	0	0	0	0	0	0	0	0	0	0	0	0	0	0	0	17.5	0	0	0	0	0	0	0	0	0	0	0	0	0	0	0	0	0	0	0	0	0	0	0	0	0	0	0	0	0	0	0	0	0	0	
22/03/2022 11:05:50	0	0	6	15.27	15.27	1.2	2229	192	3.824	3.8247	17.5	0	False	4.193333	4.185	4.175	4.2	0.2081	0	3.853	3.853	70.5	-0.034	3.824	0	0	0	0	0	0	0	0	0	0	0	0	0	0	0	17.5	0	0	0	0	0	0	0	0	0	0	0	0	0	0	0	0	0	0	0	0	0	0	0	0	0	0	0	0	0	0	0	0	0	0	
22/03/2022 11:06:00	0	0	6	15.27	15.27	1.2	2233	202	3.827	3.8284	17.3	0	False	4.191667	4.21	4.211667	4.2	0.2197	0	3.865	3.865	70.7	-0.023	3.827	0	0	0	0	0	0	0	0	0	0	0	0	0	0	0	17.3	0	0	0	0	0	0	0	0	0	0	0	0	0	0	0	0	0	0	0	0	0	0	0	0	0	0	0	0	0	0	0	0	0	0	
22/03/2022 11:06:10	0	0	6	15.27	15.27	1.2	2235	212	3.83	3.8309	17.3	0	False	4.195	4.181667	4.173333	4.2	0.2314	0	3.853	3.865	70.8	-0.034	3.83	0	0	0	0	0	0	0	0	0	0	0	0	0	0	0	17.3	0	0	0	0	0	0	0	0	0	0	0	0	0	0	0	0	0	0	0	0	0	0	0	0	0	0	0	0	0	0	0	0	0	0	
22/03/2022 11:06:20	0	0	6	15.27	15.27	1.2	2235	222	3.834	3.8347	17.3	0	False	4.188334	4.19	4.128334	4.2	0.243	0	3.865	3.865	70.9	-0.034	3.834	0	0	0	0	0	0	0	0	0	0	0	0	0	0	0	17.3	0	0	0	0	0	0	0	0	0	0	0	0	0	0	0	0	0	0	0	0	0	0	0	0	0	0	0	0	0	0	0	0	0	0	
22/03/2022 11:06:30	0	0	6	15.27	15.27	1.2	2239	232	3.836	3.8372	17.3	0	False	4.185	4.206666	4.218333	4.2	0.2547	0	3.865	3.867	71.1	-0.034	3.836	0	0	0	0	0	0	0	0	0	0	0	0	0	0	0	17.3	0	0	0	0	0	0	0	0	0	0	0	0	0	0	0	0	0	0	0	0	0	0	0	0	0	0	0	0	0	0	0	0	0	0	
22/03/2022 11:06:40	0	0	6	15.27	15.27	1.2	2241	242	3.84	3.8409	17.3	0	False	4.181667	4.188334	4.276667	4.2	0.2663	0	3.876	3.876	71.3	-0.034	3.84	0	0	0	0	0	0	0	0	0	0	0	0	0	0	0	17.3	0	0	0	0	0	0	0	0	0	0	0	0	0	0	0	0	0	0	0	0	0	0	0	0	0	0	0	0	0	0	0	0	0	0	
22/03/2022 11:06:50	0	0	6	15.27	15.27	1.2	2241	250	3.843	3.8434	17.1	0	False	4.185	4.225	4.235	4.2	0.2756	0	3.876	3.876	71.3	-0.034	3.843	0	0	0	0	0	0	0	0	0	0	0	0	0	0	0	17.1	0	0	0	0	0	0	0	0	0	0	0	0	0	0	0	0	0	0	0	0	0	0	0	0	0	0	0	0	0	0	0	0	0	0	
22/03/2022 11:07:00	0	0	6	15.27	15.27	1.2	2245	262	3.846	3.8472	17.2	0	False	4.191667	4.203333	4.288333	4.2	0.2896	0	3.876	3.878	71.6	-0.034	3.846	0	0	0	0	0	0	0	0	0	0	0	0	0	0	0	17.2	0	0	0	0	0	0	0	0	0	0	0	0	0	0	0	0	0	0	0	0	0	0	0	0	0	0	0	0	0	0	0	0	0	0	
22/03/2022 11:07:10	0	0	6	15.27	15.27	1.2	2245	272	3.849	3.85	17.2	0	False	4.188334	4.195	4.258333	4.2	0.3013	0	3.888	3.888	71.8	-0.023	3.849	0	0	0	0	0	0	0	0	0	0	0	0	0	0	0	17.2	0	0	0	0	0	0	0	0	0	0	0	0	0	0	0	0	0	0	0	0	0	0	0	0	0	0	0	0	0	0	0	0	0	0	
22/03/2022 11:07:20	0	0	6	15.27	15.27	1.2	2247	282	3.852	3.8534	17.2	0	False	4.201667	4.188334	4.19	4.2	0.313	0	3.888	3.888	71.8	-0.034	3.852	0	0	0	0	0	0	0	0	0	0	0	0	0	0	0	17.2	0	0	0	0	0	0	0	0	0	0	0	0	0	0	0	0	0	0	0	0	0	0	0	0	0	0	0	0	0	0	0	0	0	0	
22/03/2022 11:07:30	0	0	6	15.26	15.27	1.2	2247	292	3.855	3.8561	17.2	0	False	4.191667	4.205	4.135	4.2	0.3247	0	3.888	3.888	72.1	-0.034	3.855	0	0	0	0	0	0	0	0	0	0	0	0	0	0	0	17.2	0	0	0	0	0	0	0	0	0	0	0	0	0	0	0	0	0	0	0	0	0	0	0	0	0	0	0	0	0	0	0	0	0	0	
22/03/2022 11:07:40	0	0	6	15.27	15.27	1.2	2249	302	3.858	3.8588	17.1	0	False	4.2	4.21	4.211667	4.2	0.3363	0	3.888	3.89	72.2	-0.034	3.858	0	0	0	0	0	0	0	0	0	0	0	0	0	0	0	17.1	0	0	0	0	0	0	0	0	0	0	0	0	0	0	0	0	0	0	0	0	0	0	0	0	0	0	0	0	0	0	0	0	0	0	
22/03/2022 11:07:50	0	0	6	15.27	15.27	1.2	2253	312	3.862	3.8622	17	0	False	4.193333	4.188334	4.29	4.2	0.3479	0	3.899	3.899	72.4	-0.034	3.862	0	0	0	0	0	0	0	0	0	0	0	0	0	0	0	17	0	0	0	0	0	0	0	0	0	0	0	0	0	0	0	0	0	0	0	0	0	0	0	0	0	0	0	0	0	0	0	0	0	0	
22/03/2022 11:08:00	0	0	6	15.27	15.27	1.2	2253	322	3.864	3.8648	17	0	False	4.19	4.205	4.223333	4.2	0.3596	0	3.899	3.9	72.5	-0.034	3.864	0	0	0	0	0	0	0	0	0	0	0	0	0	0	0	17	0	0	0	0	0	0	0	0	0	0	0	0	0	0	0	0	0	0	0	0	0	0	0	0	0	0	0	0	0	0	0	0	0	0	
22/03/2022 11:08:10	0	0	6	15.27	15.27	1.2	2255	332	3.868	3.8684	16.9	0	False	4.2	4.195	4.321667	4.2	0.3713	0	3.899	3.9	72.7	-0.034	3.868	0	0	0	0	0	0	0	0	0	0	0	0	0	0	0	16.9	0	0	0	0	0	0	0	0	0	0	0	0	0	0	0	0	0	0	0	0	0	0	0	0	0	0	0	0	0	0	0	0	0	0	
22/03/2022 11:08:20	0	0	6	15.27	15.28	1.2	2257	342	3.87	3.8711	17	0	False	4.19	4.19	4.235	4.2	0.3829	0	3.899	3.91	72.8	-0.034	3.87	0	0	0	0	0	0	0	0	0	0	0	0	0	0	0	17	0	0	0	0	0	0	0	0	0	0	0	0	0	0	0	0	0	0	0	0	0	0	0	0	0	0	0	0	0	0	0	0	0	0	
22/03/2022 11:08:30	0	0	6	15.27	15.27	1.2	2255	352	3.874	3.8747	17	0	False	4.201667	4.203333	4.108333	4.2	0.3946	0	3.91	3.91	73	-0.034	3.874	0	0	0	0	0	0	0	0	0	0	0	0	0	0	0	17	0	0	0	0	0	0	0	0	0	0	0	0	0	0	0	0	0	0	0	0	0	0	0	0	0	0	0	0	0	0	0	0	0	0	
22/03/2022 11:08:40	0	0	6	15.27	15.27	1.2	2261	362	3.877	3.8777	17.2	0	False	4.196667	4.21	4.273334	4.2	0.4063	0	3.91	3.91	73.2	-0.034	3.877	0	0	0	0	0	0	0	0	0	0	0	0	0	0	0	17.2	0	0	0	0	0	0	0	0	0	0	0	0	0	0	0	0	0	0	0	0	0	0	0	0	0	0	0	0	0	0	0	0	0	0	
22/03/2022 11:08:50	0	0	6	15.27	15.27	1.2	2259	372	3.88	3.8809	17.3	0	False	4.206666	4.215	4.228333	4.2	0.418	0	3.91	3.91	73.2	-0.034	3.88	0	0	0	0	0	0	0	0	0	0	0	0	0	0	0	17.3	0	0	0	0	0	0	0	0	0	0	0	0	0	0	0	0	0	0	0	0	0	0	0	0	0	0	0	0	0	0	0	0	0	0	
22/03/2022 11:09:00	0	0	6	15.27	15.27	1.2	2261	382	3.883	3.8834	17.3	0	False	4.203333	4.188334	4.2	4.2	0.4297	0	3.91	3.915	73.5	-0.034	3.883	0	0	0	0	0	0	0	0	0	0	0	0	0	0	0	17.3	0	0	0	0	0	0	0	0	0	0	0	0	0	0	0	0	0	0	0	0	0	0	0	0	0	0	0	0	0	0	0	0	0	0	
22/03/2022 11:09:10	0	0	6	15.27	15.27	1.2	2265	392	3.885	3.8864	17.4	0	False	4.196667	4.2	4.25	4.2	0.4413	0	3.91	3.922	73.6	-0.034	3.885	0	0	0	0	0	0	0	0	0	0	0	0	0	0	0	17.4	0	0	0	0	0	0	0	0	0	0	0	0	0	0	0	0	0	0	0	0	0	0	0	0	0	0	0	0	0	0	0	0	0	0	
22/03/2022 11:09:20	0	0	6	15.27	15.27	1.2	2265	401	3.889	3.8897	17.3	0	False	4.2	4.198333	4.211667	4.2	0.4518	0	3.922	3.922	73.7	-0.034	3.889	0	0	0	0	0	0	0	0	0	0	0	0	0	0	0	17.3	0	0	0	0	0	0	0	0	0	0	0	0	0	0	0	0	0	0	0	0	0	0	0	0	0	0	0	0	0	0	0	0	0	0	
22/03/2022 11:09:30	0	0	6	15.27	15.27	1.2	2267	411	3.892	3.8922	17.3	0	False	4.191667	4.166667	4.155	4.2	0.4635	0	3.922	3.922	73.9	-0.034	3.892	0	0	0	0	0	0	0	0	0	0	0	0	0	0	0	17.3	0	0	0	0	0	0	0	0	0	0	0	0	0	0	0	0	0	0	0	0	0	0	0	0	0	0	0	0	0	0	0	0	0	0	
22/03/2022 11:09:40	0	0	6	15.27	15.27	1.2	2269	421	3.894	3.8955	17.3	0	False	4.191667	4.226666	4.211667	4.2	0.4751	0	3.922	3.926	74	-0.034	3.894	0	0	0	0	0	0	0	0	0	0	0	0	0	0	0	17.3	0	0	0	0	0	0	0	0	0	0	0	0	0	0	0	0	0	0	0	0	0	0	0	0	0	0	0	0	0	0	0	0	0	0	
22/03/2022 11:09:50	0	0	6	15.27	15.27	1.2	2271	431	3.897	3.8975	17	0	False	4.198333	4.19	4.178333	4.2	0.4868	0	3.922	3.933	74.1	-0.023	3.897	0	0	0	0	0	0	0	0	0	0	0	0	0	0	0	17	0	0	0	0	0	0	0	0	0	0	0	0	0	0	0	0	0	0	0	0	0	0	0	0	0	0	0	0	0	0	0	0	0	0	
22/03/2022 11:10:00	0	0	6	15.27	15.27	1.2	2273	441	3.9	3.901	17.1	0	False	4.185	4.198333	4.276667	4.2	0.4984	0	3.933	3.933	74.3	-0.034	3.9	0	0	0	0	0	0	0	0	0	0	0	0	0	0	0	17.1	0	0	0	0	0	0	0	0	0	0	0	0	0	0	0	0	0	0	0	0	0	0	0	0	0	0	0	0	0	0	0	0	0	0	
22/03/2022 11:10:10	0	0	6	15.27	15.27	1.2	2275	451	3.903	3.9036	17.1	0	False	4.188334	4.215	4.245	4.2	0.5101	0	3.933	3.936	74.5	-0.034	3.903	0	0	0	0	0	0	0	0	0	0	0	0	0	0	0	17.1	0	0	0	0	0	0	0	0	0	0	0	0	0	0	0	0	0	0	0	0	0	0	0	0	0	0	0	0	0	0	0	0	0	0	
22/03/2022 11:10:20	0	0	6	15.27	15.27	1.2	2273	461	3.905	3.906	17.1	0	False	4.195	4.181667	4.178333	4.2	0.5217	0	3.933	3.945	74.6	-0.046	3.905	0	0	0	0	0	0	0	0	0	0	0	0	0	0	0	17.1	0	0	0	0	0	0	0	0	0	0	0	0	0	0	0	0	0	0	0	0	0	0	0	0	0	0	0	0	0	0	0	0	0	0	
22/03/2022 11:10:30	0	0	6	15.27	15.27	1.2	2277	471	3.908	3.9085	17	0	False	4.185	4.17	4.25	4.2	0.5334	0	3.945	3.945	74.7	-0.034	3.908	0	0	0	0	0	0	0	0	0	0	0	0	0	0	0	17	0	0	0	0	0	0	0	0	0	0	0	0	0	0	0	0	0	0	0	0	0	0	0	0	0	0	0	0	0	0	0	0	0	0	
22/03/2022 11:10:40	0	0	6	15.27	15.27	1.2	2277	481	3.91	3.911	17	0	False	4.19	4.196667	4.235	4.2	0.545	0	3.945	3.945	74.8	-0.034	3.91	0	0	0	0	0	0	0	0	0	0	0	0	0	0	0	17	0	0	0	0	0	0	0	0	0	0	0	0	0	0	0	0	0	0	0	0	0	0	0	0	0	0	0	0	0	0	0	0	0	0	
22/03/2022 11:10:50	0	0	6	15.27	15.27	1.2	2277	491	3.913	3.9135	17	0	False	4.193333	4.175	4.161667	4.2	0.5567	0	3.945	3.947	75	-0.034	3.913	0	0	0	0	0	0	0	0	0	0	0	0	0	0	0	17	0	0	0	0	0	0	0	0	0	0	0	0	0	0	0	0	0	0	0	0	0	0	0	0	0	0	0	0	0	0	0	0	0	0	
22/03/2022 11:11:00	0	0	6	15.27	15.27	1.2	2279	501	3.915	3.916	17	0	False	4.183333	4.191667	4.135	4.2	0.5683	0	3.956	3.956	75.1	-0.034	3.915	0	0	0	0	0	0	0	0	0	0	0	0	0	0	0	17	0	0	0	0	0	0	0	0	0	0	0	0	0	0	0	0	0	0	0	0	0	0	0	0	0	0	0	0	0	0	0	0	0	0	
22/03/2022 11:11:10	0	0	6	15.27	15.27	1.2	2281	511	3.918	3.9185	17	0	False	4.181667	4.205	4.193333	4.2	0.5799	0	3.945	3.956	75.2	-0.034	3.918	0	0	0	0	0	0	0	0	0	0	0	0	0	0	0	17	0	0	0	0	0	0	0	0	0	0	0	0	0	0	0	0	0	0	0	0	0	0	0	0	0	0	0	0	0	0	0	0	0	0	
22/03/2022 11:11:20	0	0	6	15.27	15.27	1.2	2283	521	3.92	3.921	17	0	False	4.188334	4.186666	4.155	4.2	0.5916	0	3.956	3.956	75.3	-0.034	3.92	0	0	0	0	0	0	0	0	0	0	0	0	0	0	0	17	0	0	0	0	0	0	0	0	0	0	0	0	0	0	0	0	0	0	0	0	0	0	0	0	0	0	0	0	0	0	0	0	0	0	
22/03/2022 11:11:30	0	0	6	15.27	15.27	1.2	2285	531	3.923	3.9235	16.9	0	False	4.178333	4.181667	4.235	4.2	0.6032	0	3.956	3.956	75.5	-0.034	3.923	0	0	0	0	0	0	0	0	0	0	0	0	0	0	0	16.9	0	0	0	0	0	0	0	0	0	0	0	0	0	0	0	0	0	0	0	0	0	0	0	0	0	0	0	0	0	0	0	0	0	0	
22/03/2022 11:11:40	0	0	6	15.27	15.27	1.2	2287	541	3.925	3.926	17	0	False	4.185	4.211667	4.205	4.2	0.6149	0	3.956	3.96	75.6	-0.023	3.925	0	0	0	0	0	0	0	0	0	0	0	0	0	0	0	17	0	0	0	0	0	0	0	0	0	0	0	0	0	0	0	0	0	0	0	0	0	0	0	0	0	0	0	0	0	0	0	0	0	0	
22/03/2022 11:11:50	0	0	6	15.27	15.27	1.2	2287	551	3.927	3.9285	17	0	False	4.185	4.185	4.3	4.2	0.6265	0	3.956	3.968	75.7	-0.046	3.927	0	0	0	0	0	0	0	0	0	0	0	0	0	0	0	17	0	0	0	0	0	0	0	0	0	0	0	0	0	0	0	0	0	0	0	0	0	0	0	0	0	0	0	0	0	0	0	0	0	0	
22/03/2022 11:12:00	0	0	6	15.27	15.27	1.2	2289	561	3.93	3.931	17	0	False	4.185	4.185	4.255	4.2	0.6381	0	3.956	3.968	75.8	-0.034	3.93	0	0	0	0	0	0	0	0	0	0	0	0	0	0	0	17	0	0	0	0	0	0	0	0	0	0	0	0	0	0	0	0	0	0	0	0	0	0	0	0	0	0	0	0	0	0	0	0	0	0	
22/03/2022 11:12:10	0	0	6	15.27	15.27	1.2	2287	571	3.932	3.9327	17.1	0	False	4.195	4.211667	4.09	4.2	0.6498	0	3.968	3.968	75.8	-0.034	3.932	0	0	0	0	0	0	0	0	0	0	0	0	0	0	0	17.1	0	0	0	0	0	0	0	0	0	0	0	0	0	0	0	0	0	0	0	0	0	0	0	0	0	0	0	0	0	0	0	0	0	0	
22/03/2022 11:12:20	0	0	6	15.27	15.27	1.2	2287	581	3.934	3.9347	16.9	0	False	4.195	4.185	4.223333	4.2	0.6615	0	3.968	3.968	76.1	-0.023	3.934	0	0	0	0	0	0	0	0	0	0	0	0	0	0	0	16.9	0	0	0	0	0	0	0	0	0	0	0	0	0	0	0	0	0	0	0	0	0	0	0	0	0	0	0	0	0	0	0	0	0	0	
22/03/2022 11:12:30	0	0	6	15.27	15.27	1.2	2291	591	3.937	3.9372	16.9	0	False	4.181667	4.166667	4.151667	4.2	0.6731	0	3.968	3.969	76.2	-0.034	3.937	0	0	0	0	0	0	0	0	0	0	0	0	0	0	0	16.9	0	0	0	0	0	0	0	0	0	0	0	0	0	0	0	0	0	0	0	0	0	0	0	0	0	0	0	0	0	0	0	0	0	0	
22/03/2022 11:12:40	0	0	6	15.27	15.27	1.2	2291	601	3.939	3.9397	16.9	0	False	4.178333	4.151667	4.125	4.2	0.6848	0	3.968	3.979	76.3	-0.046	3.939	0	0	0	0	0	0	0	0	0	0	0	0	0	0	0	16.9	0	0	0	0	0	0	0	0	0	0	0	0	0	0	0	0	0	0	0	0	0	0	0	0	0	0	0	0	0	0	0	0	0	0	
22/03/2022 11:12:50	0	0	6	15.27	15.27	1.2	2295	610	3.942	3.9422	17	0	False	4.191667	4.19	4.211667	4.2	0.6953	0	3.968	3.979	76.3	-0.034	3.942	0	0	0	0	0	0	0	0	0	0	0	0	0	0	0	17	0	0	0	0	0	0	0	0	0	0	0	0	0	0	0	0	0	0	0	0	0	0	0	0	0	0	0	0	0	0	0	0	0	0	
22/03/2022 11:13:00	0	0	6	15.27	15.27	1.2	2295	620	3.944	3.9447	17	0	False	4.181667	4.175	4.173333	4.2	0.7069	0	3.979	3.979	76.6	-0.034	3.944	0	0	0	0	0	0	0	0	0	0	0	0	0	0	0	17	0	0	0	0	0	0	0	0	0	0	0	0	0	0	0	0	0	0	0	0	0	0	0	0	0	0	0	0	0	0	0	0	0	0	
22/03/2022 11:13:10	0	0	6	15.27	15.27	1.2	2297	630	3.947	3.9474	16.9	0	False	4.185	4.205	4.228333	4.2	0.7185	0	3.979	3.979	76.7	-0.034	3.947	0	0	0	0	0	0	0	0	0	0	0	0	0	0	0	16.9	0	0	0	0	0	0	0	0	0	0	0	0	0	0	0	0	0	0	0	0	0	0	0	0	0	0	0	0	0	0	0	0	0	0	
22/03/2022 11:13:20	0	0	6	15.27	15.27	1.2	2299	640	3.949	3.9497	16.7	0	False	4.201667	4.215	4.236667	4.2	0.7302	0	3.979	3.979	76.8	-0.034	3.949	0	0	0	0	0	0	0	0	0	0	0	0	0	0	0	16.7	0	0	0	0	0	0	0	0	0	0	0	0	0	0	0	0	0	0	0	0	0	0	0	0	0	0	0	0	0	0	0	0	0	0	
22/03/2022 11:13:30	0	0	6	15.27	15.27	1.2	2297	650	3.951	3.9516	16.6	0	False	4.193333	4.171667	4.178333	4.2	0.7419	0	3.979	3.984	76.8	-0.034	3.951	0	0	0	0	0	0	0	0	0	0	0	0	0	0	0	16.6	0	0	0	0	0	0	0	0	0	0	0	0	0	0	0	0	0	0	0	0	0	0	0	0	0	0	0	0	0	0	0	0	0	0	
22/03/2022 11:13:40	0	0	6	15.27	15.27	1.2	2299	660	3.953	3.9538	16.7	0	False	4.193333	4.208333	4.14	4.2	0.7535	0	3.979	3.991	77	-0.034	3.953	0	0	0	0	0	0	0	0	0	0	0	0	0	0	0	16.7	0	0	0	0	0	0	0	0	0	0	0	0	0	0	0	0	0	0	0	0	0	0	0	0	0	0	0	0	0	0	0	0	0	0	
22/03/2022 11:13:50	0	0	6	15.27	15.27	1.2	2303	670	3.955	3.956	16.5	0	False	4.206666	4.208333	4.2	4.2	0.7652	0	3.991	3.991	77.1	-0.034	3.955	0	0	0	0	0	0	0	0	0	0	0	0	0	0	0	16.5	0	0	0	0	0	0	0	0	0	0	0	0	0	0	0	0	0	0	0	0	0	0	0	0	0	0	0	0	0	0	0	0	0	0	
22/03/2022 11:14:00	0	0	6	15.27	15.27	1.2	2301	680	3.958	3.9585	16.6	0	False	4.198333	4.195	4.191667	4.2	0.7768	0	3.991	3.991	77.2	-0.034	3.958	0	0	0	0	0	0	0	0	0	0	0	0	0	0	0	16.6	0	0	0	0	0	0	0	0	0	0	0	0	0	0	0	0	0	0	0	0	0	0	0	0	0	0	0	0	0	0	0	0	0	0	
22/03/2022 11:14:10	0	0	6	15.27	15.27	1.2	2303	690	3.96	3.961	16.6	0	False	4.188334	4.186666	4.14	4.2	0.7884	0	3.991	3.998	77.3	-0.034	3.96	0	0	0	0	0	0	0	0	0	0	0	0	0	0	0	16.6	0	0	0	0	0	0	0	0	0	0	0	0	0	0	0	0	0	0	0	0	0	0	0	0	0	0	0	0	0	0	0	0	0	0	
22/03/2022 11:14:20	0	0	6	15.27	15.27	1.2	2305	700	3.962	3.9635	16.6	0	False	4.191667	4.21	4.211667	4.2	0.8001	0	3.991	4.002	77.3	-0.046	3.962	0	0	0	0	0	0	0	0	0	0	0	0	0	0	0	16.6	0	0	0	0	0	0	0	0	0	0	0	0	0	0	0	0	0	0	0	0	0	0	0	0	0	0	0	0	0	0	0	0	0	0	
22/03/2022 11:14:30	0	0	6	15.27	15.27	1.2	2305	710	3.965	3.966	16.6	0	False	4.198333	4.198333	4.228333	4.2	0.8118	0	4.002	4.002	77.6	-0.034	3.965	0	0	0	0	0	0	0	0	0	0	0	0	0	0	0	16.6	0	0	0	0	0	0	0	0	0	0	0	0	0	0	0	0	0	0	0	0	0	0	0	0	0	0	0	0	0	0	0	0	0	0	
22/03/2022 11:14:40	0	0	6	15.27	15.27	1.2	2307	720	3.967	3.9674	16.5	0	False	4.185	4.181667	4.163333	4.2	0.8234	0	4.002	4.002	77.7	-0.034	3.967	0	0	0	0	0	0	0	0	0	0	0	0	0	0	0	16.5	0	0	0	0	0	0	0	0	0	0	0	0	0	0	0	0	0	0	0	0	0	0	0	0	0	0	0	0	0	0	0	0	0	0	
22/03/2022 11:14:50	0	0	6	15.27	15.27	1.2	2307	730	3.969	3.9697	16.5	0	False	4.188334	4.201667	4.128334	4.2	0.8351	0	4.002	4.003	77.7	-0.034	3.969	0	0	0	0	0	0	0	0	0	0	0	0	0	0	0	16.5	0	0	0	0	0	0	0	0	0	0	0	0	0	0	0	0	0	0	0	0	0	0	0	0	0	0	0	0	0	0	0	0	0	0	
22/03/2022 11:15:00	0	0	6	15.27	15.27	1.2	2311	740	3.972	3.9722	16.4	0	False	4.198333	4.198333	4.173333	4.2	0.8468	0	4.002	4.012	77.8	-0.034	3.972	0	0	0	0	0	0	0	0	0	0	0	0	0	0	0	16.4	0	0	0	0	0	0	0	0	0	0	0	0	0	0	0	0	0	0	0	0	0	0	0	0	0	0	0	0	0	0	0	0	0	0	
22/03/2022 11:15:10	0	0	6	15.27	15.27	1.2	2309	750	3.974	3.9747	16.5	0	False	4.186666	4.171667	4.161667	4.2	0.8584	0	4.002	4.014	78	-0.034	3.974	0	0	0	0	0	0	0	0	0	0	0	0	0	0	0	16.5	0	0	0	0	0	0	0	0	0	0	0	0	0	0	0	0	0	0	0	0	0	0	0	0	0	0	0	0	0	0	0	0	0	0	
22/03/2022 11:15:20	0	0	6	15.27	15.27	1.2	2311	760	3.976	3.9772	16.6	0	False	4.183333	4.201667	4.12	4.2	0.8701	0	4.014	4.014	78.1	-0.034	3.976	0	0	0	0	0	0	0	0	0	0	0	0	0	0	0	16.6	0	0	0	0	0	0	0	0	0	0	0	0	0	0	0	0	0	0	0	0	0	0	0	0	0	0	0	0	0	0	0	0	0	0	
22/03/2022 11:15:30	0	0	6	15.27	15.27	1.2	2313	770	3.978	3.9796	16.4	0	False	4.196667	4.206666	4.068333	4.2	0.8818	0	4.014	4.014	78.2	-0.034	3.978	0	0	0	0	0	0	0	0	0	0	0	0	0	0	0	16.4	0	0	0	0	0	0	0	0	0	0	0	0	0	0	0	0	0	0	0	0	0	0	0	0	0	0	0	0	0	0	0	0	0	0	
22/03/2022 11:15:40	0	0	6	15.27	15.27	1.2	2317	780	3.98	3.9811	16.4	0	False	4.188334	4.168334	4.173333	4.2	0.8934	0	4.014	4.014	78.3	-0.034	3.98	0	0	0	0	0	0	0	0	0	0	0	0	0	0	0	16.4	0	0	0	0	0	0	0	0	0	0	0	0	0	0	0	0	0	0	0	0	0	0	0	0	0	0	0	0	0	0	0	0	0	0	
22/03/2022 11:15:50	0	0	6	15.27	15.27	1.2	2315	790	3.983	3.9839	16.5	0	False	4.185	4.203333	4.235	4.2	0.905	0	4.014	4.021	78.5	-0.034	3.983	0	0	0	0	0	0	0	0	0	0	0	0	0	0	0	16.5	0	0	0	0	0	0	0	0	0	0	0	0	0	0	0	0	0	0	0	0	0	0	0	0	0	0	0	0	0	0	0	0	0	0	
22/03/2022 11:16:00	0	0	6	15.27	15.27	1.2	2319	800	3.986	3.9868	16.4	0	False	4.195	4.2	4.193333	4.2	0.9167	0	4.025	4.025	78.6	-0.046	3.986	0	0	0	0	0	0	0	0	0	0	0	0	0	0	0	16.4	0	0	0	0	0	0	0	0	0	0	0	0	0	0	0	0	0	0	0	0	0	0	0	0	0	0	0	0	0	0	0	0	0	0	
22/03/2022 11:16:10	0	0	6	15.27	15.27	1.2	2319	809	3.988	3.9888	16.4	0	False	4.188334	4.173333	4.161667	4.2	0.9271	0	4.025	4.025	78.7	-0.034	3.988	0	0	0	0	0	0	0	0	0	0	0	0	0	0	0	16.4	0	0	0	0	0	0	0	0	0	0	0	0	0	0	0	0	0	0	0	0	0	0	0	0	0	0	0	0	0	0	0	0	0	0	
22/03/2022 11:16:20	0	0	6	15.27	15.27	1.2	2321	819	3.991	3.9916	16.6	0	False	4.181667	4.191667	4.223333	4.2	0.9388	0	4.025	4.025	78.8	-0.034	3.991	0	0	0	0	0	0	0	0	0	0	0	0	0	0	0	16.6	0	0	0	0	0	0	0	0	0	0	0	0	0	0	0	0	0	0	0	0	0	0	0	0	0	0	0	0	0	0	0	0	0	0	
22/03/2022 11:16:30	0	0	6	15.27	15.27	1.2	2323	829	3.994	3.9947	16.5	0	False	4.198333	4.198333	4.178333	4.2	0.9505	0	4.037	4.027	79	-0.034	3.994	0	0	0	0	0	0	0	0	0	0	0	0	0	0	0	16.5	0	0	0	0	0	0	0	0	0	0	0	0	0	0	0	0	0	0	0	0	0	0	0	0	0	0	0	0	0	0	0	0	0	0	
22/03/2022 11:16:40	0	0	6	15.27	15.27	1.2	2325	839	3.997	3.9972	16.5	0	False	4.183333	4.193333	4.26	4.2	0.9621	0	4.037	4.037	79.1	-0.034	3.997	0	0	0	0	0	0	0	0	0	0	0	0	0	0	0	16.5	0	0	0	0	0	0	0	0	0	0	0	0	0	0	0	0	0	0	0	0	0	0	0	0	0	0	0	0	0	0	0	0	0	0	
22/03/2022 11:16:50	0	0	6	15.27	15.27	1.2	2325	849	3.999	3.9997	16.4	0	False	4.19	4.218333	4.223333	4.2	0.9737	0	4.037	4.037	79.2	-0.034	3.999	0	0	0	0	0	0	0	0	0	0	0	0	0	0	0	16.4	0	0	0	0	0	0	0	0	0	0	0	0	0	0	0	0	0	0	0	0	0	0	0	0	0	0	0	0	0	0	0	0	0	0	
22/03/2022 11:17:00	0	0	6	15.27	15.27	1.2	2327	859	4.002	4.0025	16.5	0	False	4.196667	4.178333	4.211667	4.2	0.9854	0	4.037	4.037	79.4	-0.034	4.002	0	0	0	0	0	0	0	0	0	0	0	0	0	0	0	16.5	0	0	0	0	0	0	0	0	0	0	0	0	0	0	0	0	0	0	0	0	0	0	0	0	0	0	0	0	0	0	0	0	0	0	
22/03/2022 11:17:10	0	0	6	15.27	15.27	1.2	2329	869	4.005	4.006	16.5	0	False	4.19	4.198333	4.266667	4.2	0.997	0	4.037	4.042	79.6	-0.034	4.005	0	0	0	0	0	0	0	0	0	0	0	0	0	0	0	16.5	0	0	0	0	0	0	0	0	0	0	0	0	0	0	0	0	0	0	0	0	0	0	0	0	0	0	0	0	0	0	0	0	0	0	
22/03/2022 11:17:20	0	0	6	15.27	15.27	1.2	2329	879	4.008	4.0085	16.4	0	False	4.2	4.19	4.173333	4.2	1.0087	0	4.037	4.048	79.7	-0.034	4.008	0	0	0	0	0	0	0	0	0	0	0	0	0	0	0	16.4	0	0	0	0	0	0	0	0	0	0	0	0	0	0	0	0	0	0	0	0	0	0	0	0	0	0	0	0	0	0	0	0	0	0	
22/03/2022 11:17:30	0	0	6	15.27	15.27	1.3	2333	889	4.011	4.0122	16.5	0	False	4.201667	4.213333	4.273334	4.2	1.0203	0	4.048	4.048	79.8	-0.034	4.011	0	0	0	0	0	0	0	0	0	0	0	0	0	0	0	16.5	0	0	0	0	0	0	0	0	0	0	0	0	0	0	0	0	0	0	0	0	0	0	0	0	0	0	0	0	0	0	0	0	0	0	
22/03/2022 11:17:40	0	0	6	15.27	15.27	1.2	2335	899	4.014	4.0147	16.6	0	False	4.205	4.201667	4.2	4.2	1.032	0	4.048	4.048	80.2	-0.034	4.014	0	0	0	0	0	0	0	0	0	0	0	0	0	0	0	16.6	0	0	0	0	0	0	0	0	0	0	0	0	0	0	0	0	0	0	0	0	0	0	0	0	0	0	0	0	0	0	0	0	0	0	
22/03/2022 11:17:50	0	0	6	15.27	15.27	1.2	2335	909	4.017	4.0182	16.7	0	False	4.193333	4.166667	4.151667	4.2	1.0436	0	4.048	4.057	80.4	-0.034	4.017	0	0	0	0	0	0	0	0	0	0	0	0	0	0	0	16.7	0	0	0	0	0	0	0	0	0	0	0	0	0	0	0	0	0	0	0	0	0	0	0	0	0	0	0	0	0	0	0	0	0	0	
22/03/2022 11:18:00	0	0	6	15.27	15.27	1.2	2335	919	4.02	4.0213	16.7	0	False	4.19	4.205	4.116667	4.2	1.0553	0	4.048	4.06	80.6	-0.034	4.02	0	0	0	0	0	0	0	0	0	0	0	0	0	0	0	16.7	0	0	0	0	0	0	0	0	0	0	0	0	0	0	0	0	0	0	0	0	0	0	0	0	0	0	0	0	0	0	0	0	0	0	
22/03/2022 11:18:10	0	0	6	15.27	15.27	1.2	2339	929	4.024	4.0247	16.8	0	False	4.193333	4.186666	4.173333	4.2	1.067	0	4.06	4.06	81.2	-0.034	4.024	0	0	0	0	0	0	0	0	0	0	0	0	0	0	0	16.8	0	0	0	0	0	0	0	0	0	0	0	0	0	0	0	0	0	0	0	0	0	0	0	0	0	0	0	0	0	0	0	0	0	0	
22/03/2022 11:18:20	0	0	6	15.27	15.27	1.2	2339	939	4.027	4.0285	16.7	0	False	4.19	4.218333	4.223333	4.2	1.0786	0	4.06	4.068	81.3	-0.034	4.027	0	0	0	0	0	0	0	0	0	0	0	0	0	0	0	16.7	0	0	0	0	0	0	0	0	0	0	0	0	0	0	0	0	0	0	0	0	0	0	0	0	0	0	0	0	0	0	0	0	0	0	
22/03/2022 11:18:30	0	0	6	15.27	15.27	1.2	2343	949	4.031	4.0315	16.7	0	False	4.198333	4.195	4.173333	4.2	1.0903	0	4.071	4.071	81.6	-0.046	4.031	0	0	0	0	0	0	0	0	0	0	0	0	0	0	0	16.7	0	0	0	0	0	0	0	0	0	0	0	0	0	0	0	0	0	0	0	0	0	0	0	0	0	0	0	0	0	0	0	0	0	0	
22/03/2022 11:18:40	0	0	6	15.27	15.27	1.3	2345	959	4.034	4.0349	16.7	0	False	4.191667	4.203333	4.255	4.2	1.1019	0	4.071	4.071	82.1	-0.034	4.034	0	0	0	0	0	0	0	0	0	0	0	0	0	0	0	16.7	0	0	0	0	0	0	0	0	0	0	0	0	0	0	0	0	0	0	0	0	0	0	0	0	0	0	0	0	0	0	0	0	0	0	
22/03/2022 11:18:50	0	0	6	15.27	15.27	1.2	2345	968	4.038	4.0385	16.7	0	False	4.198333	4.205	4.175	4.2	1.1124	0	4.071	4.072	82.4	-0.034	4.038	0	0	0	0	0	0	0	0	0	0	0	0	0	0	0	16.7	0	0	0	0	0	0	0	0	0	0	0	0	0	0	0	0	0	0	0	0	0	0	0	0	0	0	0	0	0	0	0	0	0	0	
22/03/2022 11:19:00	0	0	6	15.27	15.27	1.2	2347	978	4.042	4.0422	16.6	0	False	4.186666	4.171667	4.116667	4.2	1.124	0	4.071	4.082	82.6	-0.034	4.042	0	0	0	0	0	0	0	0	0	0	0	0	0	0	0	16.6	0	0	0	0	0	0	0	0	0	0	0	0	0	0	0	0	0	0	0	0	0	0	0	0	0	0	0	0	0	0	0	0	0	0	
22/03/2022 11:19:10	0	0	6	15.27	15.27	1.2	2349	988	4.045	4.046	16.7	0	False	4.196667	4.19	4.173333	4.2	1.1357	0	4.082	4.082	83.2	-0.034	4.045	0	0	0	0	0	0	0	0	0	0	0	0	0	0	0	16.7	0	0	0	0	0	0	0	0	0	0	0	0	0	0	0	0	0	0	0	0	0	0	0	0	0	0	0	0	0	0	0	0	0	0	
22/03/2022 11:19:20	0	0	6	15.27	15.27	1.2	2353	998	4.049	4.0497	16.7	0	False	4.188334	4.198333	4.223333	4.2	1.1473	0	4.082	4.082	83.5	-0.034	4.049	0	0	0	0	0	0	0	0	0	0	0	0	0	0	0	16.7	0	0	0	0	0	0	0	0	0	0	0	0	0	0	0	0	0	0	0	0	0	0	0	0	0	0	0	0	0	0	0	0	0	0	
22/03/2022 11:19:30	0	0	6	15.27	15.27	1.2	2355	1008	4.052	4.0535	16.7	0	False	4.198333	4.193333	4.186666	4.2	1.159	0	4.082	4.094	83.9	-0.034	4.052	0	0	0	0	0	0	0	0	0	0	0	0	0	0	0	16.7	0	0	0	0	0	0	0	0	0	0	0	0	0	0	0	0	0	0	0	0	0	0	0	0	0	0	0	0	0	0	0	0	0	0	
22/03/2022 11:19:40	0	0	6	15.27	15.27	1.2	2357	1018	4.056	4.0572	16.7	0	False	4.193333	4.208333	4.211667	4.2	1.1706	0	4.094	4.094	84.3	-0.034	4.056	0	0	0	0	0	0	0	0	0	0	0	0	0	0	0	16.7	0	0	0	0	0	0	0	0	0	0	0	0	0	0	0	0	0	0	0	0	0	0	0	0	0	0	0	0	0	0	0	0	0	0	
22/03/2022 11:19:50	0	0	6	15.27	15.27	1.2	2359	1028	4.06	4.061	16.6	0	False	4.2	4.181667	4.161667	4.2	1.1823	0	4.094	4.095	84.6	-0.034	4.06	0	0	0	0	0	0	0	0	0	0	0	0	0	0	0	16.6	0	0	0	0	0	0	0	0	0	0	0	0	0	0	0	0	0	0	0	0	0	0	0	0	0	0	0	0	0	0	0	0	0	0	
22/03/2022 11:20:00	0	0	6	15.27	15.27	1.3	2361	1038	4.064	4.0647	16.6	0	False	4.196667	4.21	4.255	4.2	1.194	0	4.094	4.101	85	-0.034	4.064	0	0	0	0	0	0	0	0	0	0	0	0	0	0	0	16.6	0	0	0	0	0	0	0	0	0	0	0	0	0	0	0	0	0	0	0	0	0	0	0	0	0	0	0	0	0	0	0	0	0	0	
22/03/2022 11:20:10	0	0	6	15.27	15.27	1.2	2361	1048	4.068	4.0685	16.7	0	False	4.195	4.191667	4.196667	4.2	1.2056	0	4.105	4.105	85.5	-0.034	4.068	0	0	0	0	0	0	0	0	0	0	0	0	0	0	0	16.7	0	0	0	0	0	0	0	0	0	0	0	0	0	0	0	0	0	0	0	0	0	0	0	0	0	0	0	0	0	0	0	0	0	0	
22/03/2022 11:20:20	0	0	6	15.27	15.27	1.2	2363	1058	4.071	4.0722	16.7	0	False	4.191667	4.193333	4.09	4.2	1.2173	0	4.105	4.105	85.7	-0.034	4.071	0	0	0	0	0	0	0	0	0	0	0	0	0	0	0	16.7	0	0	0	0	0	0	0	0	0	0	0	0	0	0	0	0	0	0	0	0	0	0	0	0	0	0	0	0	0	0	0	0	0	0	
22/03/2022 11:20:30	0	0	6	15.27	15.27	1.2	2365	1068	4.075	4.076	16.7	0	False	4.196667	4.191667	4.178333	4.2	1.229	0	4.105	4.115	86.2	-0.034	4.075	0	0	0	0	0	0	0	0	0	0	0	0	0	0	0	16.7	0	0	0	0	0	0	0	0	0	0	0	0	0	0	0	0	0	0	0	0	0	0	0	0	0	0	0	0	0	0	0	0	0	0	
22/03/2022 11:20:40	0	0	6	15.27	15.27	1.2	2367	1078	4.08	4.081	16.7	0	False	4.191667	4.183333	4.128334	4.2	1.2407	0	4.117	4.117	86.6	-0.046	4.08	0	0	0	0	0	0	0	0	0	0	0	0	0	0	0	16.7	0	0	0	0	0	0	0	0	0	0	0	0	0	0	0	0	0	0	0	0	0	0	0	0	0	0	0	0	0	0	0	0	0	0	
22/03/2022 11:20:50	0	0	6	15.27	15.27	1.2	2369	1088	4.084	4.0847	16.3	0	False	4.195	4.19	4.196667	4.2	1.2524	0	4.117	4.121	87.1	-0.034	4.084	0	0	0	0	0	0	0	0	0	0	0	0	0	0	0	16.3	0	0	0	0	0	0	0	0	0	0	0	0	0	0	0	0	0	0	0	0	0	0	0	0	0	0	0	0	0	0	0	0	0	0	
22/03/2022 11:21:00	0	0	6	15.27	15.27	1.2	2373	1098	4.088	4.0885	16.4	0	False	4.191667	4.205	4.096667	4.2	1.264	0	4.128	4.128	87.4	-0.046	4.088	0	0	0	0	0	0	0	0	0	0	0	0	0	0	0	16.4	0	0	0	0	0	0	0	0	0	0	0	0	0	0	0	0	0	0	0	0	0	0	0	0	0	0	0	0	0	0	0	0	0	0	
22/03/2022 11:21:10	0	0	6	15.27	15.27	1.2	2373	1108	4.091	4.0922	16.4	0	False	4.195	4.181667	4.311666	4.2	1.2757	0	4.128	4.128	87.8	-0.034	4.091	0	0	0	0	0	0	0	0	0	0	0	0	0	0	0	16.4	0	0	0	0	0	0	0	0	0	0	0	0	0	0	0	0	0	0	0	0	0	0	0	0	0	0	0	0	0	0	0	0	0	0	
22/03/2022 11:21:20	0	0	6	15.27	15.27	1.2	2375	1118	4.095	4.0958	16.3	0	False	4.188334	4.196667	4.113333	4.2	1.2873	0	4.128	4.133	88.2	-0.034	4.095	0	0	0	0	0	0	0	0	0	0	0	0	0	0	0	16.3	0	0	0	0	0	0	0	0	0	0	0	0	0	0	0	0	0	0	0	0	0	0	0	0	0	0	0	0	0	0	0	0	0	0	
22/03/2022 11:21:30	0	0	6	15.27	15.27	1.3	2379	1128	4.098	4.0987	16.3	0	False	4.195	4.193333	4.301667	4.2	1.299	0	4.14	4.14	88.6	-0.046	4.098	0	0	0	0	0	0	0	0	0	0	0	0	0	0	0	16.3	0	0	0	0	0	0	0	0	0	0	0	0	0	0	0	0	0	0	0	0	0	0	0	0	0	0	0	0	0	0	0	0	0	0	
22/03/2022 11:21:40	0	0	6	15.27	15.27	1.2	2379	1138	4.102	4.1023	16.2	0	False	4.2	4.221667	4.228333	4.2	1.3107	0	4.14	4.14	88.8	-0.034	4.102	0	0	0	0	0	0	0	0	0	0	0	0	0	0	0	16.2	0	0	0	0	0	0	0	0	0	0	0	0	0	0	0	0	0	0	0	0	0	0	0	0	0	0	0	0	0	0	0	0	0	0	
22/03/2022 11:21:50	0	0	6	15.27	15.27	1.3	2385	1148	4.105	4.106	16.2	0	False	4.206666	4.191667	4.19	4.2	1.3224	0	4.14	4.141	89.3	-0.034	4.105	0	0	0	0	0	0	0	0	0	0	0	0	0	0	0	16.2	0	0	0	0	0	0	0	0	0	0	0	0	0	0	0	0	0	0	0	0	0	0	0	0	0	0	0	0	0	0	0	0	0	0	
22/03/2022 11:22:00	0	0	6	15.27	15.27	1.2	2383	1158	4.108	4.1087	16.2	0	False	4.191667	4.166667	4.14	4.2	1.334	0	4.151	4.151	89.6	-0.034	4.108	0	0	0	0	0	0	0	0	0	0	0	0	0	0	0	16.2	0	0	0	0	0	0	0	0	0	0	0	0	0	0	0	0	0	0	0	0	0	0	0	0	0	0	0	0	0	0	0	0	0	0	
22/03/2022 11:22:10	0	0	6	15.27	15.27	1.3	2385	1167	4.112	4.1123	16.2	0	False	4.2	4.21	4.226666	4.2	1.3445	0	4.14	4.151	89.7	-0.046	4.112	0	0	0	0	0	0	0	0	0	0	0	0	0	0	0	16.2	0	0	0	0	0	0	0	0	0	0	0	0	0	0	0	0	0	0	0	0	0	0	0	0	0	0	0	0	0	0	0	0	0	0	
22/03/2022 11:22:20	0	0	6	15.27	15.27	1.2	2387	1177	4.114	4.1151	16.3	0	False	4.188334	4.181667	4.135	4.2	1.3561	0	4.151	4.151	90.3	-0.034	4.114	0	0	0	0	0	0	0	0	0	0	0	0	0	0	0	16.3	0	0	0	0	0	0	0	0	0	0	0	0	0	0	0	0	0	0	0	0	0	0	0	0	0	0	0	0	0	0	0	0	0	0	
22/03/2022 11:22:30	0	0	6	15.27	15.27	1.3	2391	1187	4.118	4.1185	16.2	0	False	4.191667	4.213333	4.211667	4.2	1.3678	0	4.151	4.151	90.4	-0.034	4.118	0	0	0	0	0	0	0	0	0	0	0	0	0	0	0	16.2	0	0	0	0	0	0	0	0	0	0	0	0	0	0	0	0	0	0	0	0	0	0	0	0	0	0	0	0	0	0	0	0	0	0	
22/03/2022 11:22:40	0	0	6	15.27	15.27	1.3	2391	1197	4.12	4.121	16.3	0	False	4.196667	4.183333	4.178333	4.2	1.3795	0	4.163	4.159	90.7	-0.046	4.12	0	0	0	0	0	0	0	0	0	0	0	0	0	0	0	16.3	0	0	0	0	0	0	0	0	0	0	0	0	0	0	0	0	0	0	0	0	0	0	0	0	0	0	0	0	0	0	0	0	0	0	
22/03/2022 11:22:50	0	0	6	15.27	15.27	1.3	2393	1207	4.123	4.124	16.4	0	False	4.186666	4.193333	4.276667	4.2	1.3911	0	4.163	4.163	91.2	-0.034	4.123	0	0	0	0	0	0	0	0	0	0	0	0	0	0	0	16.4	0	0	0	0	0	0	0	0	0	0	0	0	0	0	0	0	0	0	0	0	0	0	0	0	0	0	0	0	0	0	0	0	0	0	
22/03/2022 11:23:00	0	0	6	15.27	15.27	1.3	2395	1217	4.126	4.1273	16.4	0	False	4.196667	4.206666	4.228333	4.2	1.4028	0	4.163	4.163	91.3	-0.023	4.126	0	0	0	0	0	0	0	0	0	0	0	0	0	0	0	16.4	0	0	0	0	0	0	0	0	0	0	0	0	0	0	0	0	0	0	0	0	0	0	0	0	0	0	0	0	0	0	0	0	0	0	
22/03/2022 11:23:10	0	0	6	15.27	15.27	1.3	2395	1227	4.128	4.1294	16.3	0	False	4.191667	4.186666	4.19	4.2	1.4145	0	4.163	4.163	91.6	-0.034	4.128	0	0	0	0	0	0	0	0	0	0	0	0	0	0	0	16.3	0	0	0	0	0	0	0	0	0	0	0	0	0	0	0	0	0	0	0	0	0	0	0	0	0	0	0	0	0	0	0	0	0	0	
22/03/2022 11:23:20	0	0	6	15.27	15.27	1.3	2397	1237	4.131	4.1318	16.3	0	False	4.188334	4.213333	4.25	4.2	1.4261	0	4.163	4.164	91.8	-0.034	4.131	0	0	0	0	0	0	0	0	0	0	0	0	0	0	0	16.3	0	0	0	0	0	0	0	0	0	0	0	0	0	0	0	0	0	0	0	0	0	0	0	0	0	0	0	0	0	0	0	0	0	0	
22/03/2022 11:23:30	0	0	6	15.27	15.27	1.3	2397	1247	4.133	4.1335	16.4	0	False	4.201667	4.218333	4.231667	4.2	1.4378	0	4.163	4.174	92.1	-0.034	4.133	0	0	0	0	0	0	0	0	0	0	0	0	0	0	0	16.4	0	0	0	0	0	0	0	0	0	0	0	0	0	0	0	0	0	0	0	0	0	0	0	0	0	0	0	0	0	0	0	0	0	0	
22/03/2022 11:23:40	0	0	6	15.27	15.27	1.3	2399	1257	4.135	4.136	16.4	0	False	4.196667	4.188334	4.178333	4.2	1.4494	0	4.174	4.174	92.3	-0.046	4.135	0	0	0	0	0	0	0	0	0	0	0	0	0	0	0	16.4	0	0	0	0	0	0	0	0	0	0	0	0	0	0	0	0	0	0	0	0	0	0	0	0	0	0	0	0	0	0	0	0	0	0	
22/03/2022 11:23:50	0	0	6	15.27	15.27	1.3	2399	1267	4.137	4.1373	16.3	0	False	4.183333	4.163333	4.155	4.2	1.461	0	4.174	4.174	92.5	-0.034	4.137	0	0	0	0	0	0	0	0	0	0	0	0	0	0	0	16.3	0	0	0	0	0	0	0	0	0	0	0	0	0	0	0	0	0	0	0	0	0	0	0	0	0	0	0	0	0	0	0	0	0	0	
22/03/2022 11:24:00	0	0	6	15.27	15.27	1.3	2399	1277	4.138	4.1398	16.3	0	False	4.175	4.185	4.135	4.2	1.4726	0	4.174	4.174	92.5	-0.034	4.138	0	0	0	0	0	0	0	0	0	0	0	0	0	0	0	16.3	0	0	0	0	0	0	0	0	0	0	0	0	0	0	0	0	0	0	0	0	0	0	0	0	0	0	0	0	0	0	0	0	0	0	
22/03/2022 11:24:10	0	0	6	15.27	15.27	1.3	2401	1287	4.14	4.1413	16.2	0	False	4.181667	4.215	4.238333	4.2	1.4843	0	4.174	4.184	92.7	-0.034	4.14	0	0	0	0	0	0	0	0	0	0	0	0	0	0	0	16.2	0	0	0	0	0	0	0	0	0	0	0	0	0	0	0	0	0	0	0	0	0	0	0	0	0	0	0	0	0	0	0	0	0	0	
22/03/2022 11:24:20	0	0	6	15.27	15.27	1.3	2403	1297	4.142	4.1427	16.1	0	False	4.198333	4.211667	4.228333	4.2	1.496	0	4.186	4.186	92.8	-0.046	4.142	0	0	0	0	0	0	0	0	0	0	0	0	0	0	0	16.1	0	0	0	0	0	0	0	0	0	0	0	0	0	0	0	0	0	0	0	0	0	0	0	0	0	0	0	0	0	0	0	0	0	0	
22/03/2022 11:24:30	0	0	6	15.27	15.27	1.3	2403	1307	4.143	4.1438	16.2	0	False	4.198333	4.183333	4.205	4.2	1.5077	0	4.186	4.186	93.2	-0.046	4.143	0	0	0	0	0	0	0	0	0	0	0	0	0	0	0	16.2	0	0	0	0	0	0	0	0	0	0	0	0	0	0	0	0	0	0	0	0	0	0	0	0	0	0	0	0	0	0	0	0	0	0	
22/03/2022 11:24:40	0	0	6	15.27	15.27	1.3	2403	1317	4.145	4.146	16.3	0	False	4.181667	4.175	4.173333	4.2	1.5193	0	4.186	4.186	93.3	-0.046	4.145	0	0	0	0	0	0	0	0	0	0	0	0	0	0	0	16.3	0	0	0	0	0	0	0	0	0	0	0	0	0	0	0	0	0	0	0	0	0	0	0	0	0	0	0	0	0	0	0	0	0	0	
22/03/2022 11:24:50	0	0	6	15.27	15.27	1.2	2405	1327	4.146	4.1473	16.2	0	False	4.17	4.166667	4.133333	4.2	1.5309	0	4.186	4.186	93.4	-0.046	4.146	0	0	0	0	0	0	0	0	0	0	0	0	0	0	0	16.2	0	0	0	0	0	0	0	0	0	0	0	0	0	0	0	0	0	0	0	0	0	0	0	0	0	0	0	0	0	0	0	0	0	0	
22/03/2022 11:25:00	0	0	6	15.27	15.27	1.3	2403	1337	4.148	4.1485	16.2	0	False	4.17	4.195	4.223333	4.2	1.5425	0	4.186	4.186	93.5	-0.046	4.148	0	0	0	0	0	0	0	0	0	0	0	0	0	0	0	16.2	0	0	0	0	0	0	0	0	0	0	0	0	0	0	0	0	0	0	0	0	0	0	0	0	0	0	0	0	0	0	0	0	0	0	
22/03/2022 11:25:10	0	0	6	15.27	15.27	1.3	2407	1347	4.149	4.1498	16.1	0	False	4.185	4.216667	4.245	4.2	1.5542	0	4.186	4.186	93.6	-0.034	4.149	0	0	0	0	0	0	0	0	0	0	0	0	0	0	0	16.1	0	0	0	0	0	0	0	0	0	0	0	0	0	0	0	0	0	0	0	0	0	0	0	0	0	0	0	0	0	0	0	0	0	0	
22/03/2022 11:25:20	0	0	6	15.27	15.27	1.3	2405	1356	4.15	4.151	16.2	0	False	4.198333	4.2	4.2	4.2	1.5647	0	4.186	4.188	93.8	-0.034	4.15	0	0	0	0	0	0	0	0	0	0	0	0	0	0	0	16.2	0	0	0	0	0	0	0	0	0	0	0	0	0	0	0	0	0	0	0	0	0	0	0	0	0	0	0	0	0	0	0	0	0	0	
22/03/2022 11:25:30	0	0	6	15.27	15.28	1.3	2407	1366	4.152	4.1523	16.3	0	False	4.186666	4.181667	4.161667	4.2	1.5763	0	4.186	4.196	93.8	-0.034	4.152	0	0	0	0	0	0	0	0	0	0	0	0	0	0	0	16.3	0	0	0	0	0	0	0	0	0	0	0	0	0	0	0	0	0	0	0	0	0	0	0	0	0	0	0	0	0	0	0	0	0	0	
22/03/2022 11:25:40	0	0	6	15.27	15.27	1.3	2407	1376	4.153	4.1535	16.4	0	False	4.175	4.173333	4.163333	4.2	1.5879	0	4.186	4.197	94.2	-0.034	4.153	0	0	0	0	0	0	0	0	0	0	0	0	0	0	0	16.4	0	0	0	0	0	0	0	0	0	0	0	0	0	0	0	0	0	0	0	0	0	0	0	0	0	0	0	0	0	0	0	0	0	0	
22/03/2022 11:25:50	0	0	6	15.29	15.27	1.3	2409	1386	4.154	4.1548	16.4	0	False	4.185	4.208333	4.288333	4.2	1.5996	0	4.197	4.197	94.3	-0.046	4.154	0	0	0	0	0	0	0	0	0	0	0	0	0	0	0	16.4	0	0	0	0	0	0	0	0	0	0	0	0	0	0	0	0	0	0	0	0	0	0	0	0	0	0	0	0	0	0	0	0	0	0	
22/03/2022 11:26:00	0	0	6	15.27	15.27	1.3	2409	1396	4.155	4.156	16.4	0	False	4.195	4.211667	4.255	4.2	1.6112	0	4.197	4.197	94.3	-0.034	4.155	0	0	0	0	0	0	0	0	0	0	0	0	0	0	0	16.4	0	0	0	0	0	0	0	0	0	0	0	0	0	0	0	0	0	0	0	0	0	0	0	0	0	0	0	0	0	0	0	0	0	0	
22/03/2022 11:26:10	0	0	6	15.27	15.27	1.3	2409	1406	4.157	4.1573	16.4	0	False	4.206666	4.208333	4.205	4.2	1.6229	0	4.197	4.197	94.4	-0.046	4.157	0	0	0	0	0	0	0	0	0	0	0	0	0	0	0	16.4	0	0	0	0	0	0	0	0	0	0	0	0	0	0	0	0	0	0	0	0	0	0	0	0	0	0	0	0	0	0	0	0	0	0	
22/03/2022 11:26:20	0	0	6	15.27	15.27	1.3	2409	1416	4.158	4.1585	16.4	0	False	4.198333	4.198333	4.218333	4.2	1.6346	0	4.197	4.197	94.6	-0.046	4.158	0	0	0	0	0	0	0	0	0	0	0	0	0	0	0	16.4	0	0	0	0	0	0	0	0	0	0	0	0	0	0	0	0	0	0	0	0	0	0	0	0	0	0	0	0	0	0	0	0	0	0	
22/03/2022 11:26:30	0	0	6	15.27	15.27	1.3	2411	1426	4.159	4.1598	16.4	0	False	4.186666	4.178333	4.178333	4.2	1.6462	0	4.197	4.197	94.7	-0.034	4.159	0	0	0	0	0	0	0	0	0	0	0	0	0	0	0	16.4	0	0	0	0	0	0	0	0	0	0	0	0	0	0	0	0	0	0	0	0	0	0	0	0	0	0	0	0	0	0	0	0	0	0	
22/03/2022 11:26:40	0	0	6	15.27	15.27	1.3	2411	1436	4.16	4.1613	16.4	0	False	4.173333	4.186666	4.273334	4.2	1.6578	0	4.197	4.197	94.8	-0.034	4.16	0	0	0	0	0	0	0	0	0	0	0	0	0	0	0	16.4	0	0	0	0	0	0	0	0	0	0	0	0	0	0	0	0	0	0	0	0	0	0	0	0	0	0	0	0	0	0	0	0	0	0	
22/03/2022 11:26:50	0	0	6	15.27	15.27	1.2	2411	1446	4.162	4.1627	16.4	0	False	4.18	4.198333	4.113333	4.2	1.6695	0	4.197	4.201	94.8	-0.034	4.162	0	0	0	0	0	0	0	0	0	0	0	0	0	0	0	16.4	0	0	0	0	0	0	0	0	0	0	0	0	0	0	0	0	0	0	0	0	0	0	0	0	0	0	0	0	0	0	0	0	0	0	
22/03/2022 11:27:00	0	0	6	15.29	15.27	1.2	2411	1456	4.163	4.1641	16.5	0	False	4.193333	4.211667	4.125	4.2	1.6812	0	4.197	4.204	95.1	-0.034	4.163	0	0	0	0	0	0	0	0	0	0	0	0	0	0	0	16.5	0	0	0	0	0	0	0	0	0	0	0	0	0	0	0	0	0	0	0	0	0	0	0	0	0	0	0	0	0	0	0	0	0	0	
22/03/2022 11:27:10	0	0	6	15.27	15.27	1.3	2413	1466	4.165	4.166	16.4	0	False	4.206666	4.205	4.205	4.2	1.6929	0	4.209	4.209	95.2	-0.034	4.165	0	0	0	0	0	0	0	0	0	0	0	0	0	0	0	16.4	0	0	0	0	0	0	0	0	0	0	0	0	0	0	0	0	0	0	0	0	0	0	0	0	0	0	0	0	0	0	0	0	0	0	
22/03/2022 11:27:20	0	0	6	15.27	15.27	1.3	2413	1476	4.167	4.1673	16.4	0	False	4.19	4.188334	4.19	4.2	1.7046	0	4.209	4.209	95.5	-0.046	4.167	0	0	0	0	0	0	0	0	0	0	0	0	0	0	0	16.4	0	0	0	0	0	0	0	0	0	0	0	0	0	0	0	0	0	0	0	0	0	0	0	0	0	0	0	0	0	0	0	0	0	0	
22/03/2022 11:27:30	0	0	6	15.27	15.27	1.3	2417	1486	4.168	4.1685	16.5	0	False	4.175	4.165	4.273334	4.2	1.7162	0	4.209	4.209	95.6	-0.034	4.168	0	0	0	0	0	0	0	0	0	0	0	0	0	0	0	16.5	0	0	0	0	0	0	0	0	0	0	0	0	0	0	0	0	0	0	0	0	0	0	0	0	0	0	0	0	0	0	0	0	0	0	
22/03/2022 11:27:40	0	0	6	15.27	15.27	1.3	2417	1496	4.169	4.1699	16.4	0	False	4.175	4.168334	4.263333	4.2	1.7278	0	4.209	4.209	95.7	-0.046	4.169	0	0	0	0	0	0	0	0	0	0	0	0	0	0	0	16.4	0	0	0	0	0	0	0	0	0	0	0	0	0	0	0	0	0	0	0	0	0	0	0	0	0	0	0	0	0	0	0	0	0	0	
22/03/2022 11:27:50	0	0	6	15.27	15.27	1.2	2415	1506	4.171	4.1715	16.4	0	False	4.181667	4.203333	4.205	4.2	1.7394	0	4.209	4.209	95.7	-0.046	4.171	0	0	0	0	0	0	0	0	0	0	0	0	0	0	0	16.4	0	0	0	0	0	0	0	0	0	0	0	0	0	0	0	0	0	0	0	0	0	0	0	0	0	0	0	0	0	0	0	0	0	0	
22/03/2022 11:28:00	0	0	6	15.27	15.27	1.3	2419	1516	4.173	4.1735	16.4	0	False	4.195	4.191667	4.185	4.2	1.7511	0	4.209	4.209	96.2	-0.034	4.173	0	0	0	0	0	0	0	0	0	0	0	0	0	0	0	16.4	0	0	0	0	0	0	0	0	0	0	0	0	0	0	0	0	0	0	0	0	0	0	0	0	0	0	0	0	0	0	0	0	0	0	
22/03/2022 11:28:10	0	0	6	15.27	15.27	1.3	2421	1526	4.174	4.1748	16.4	0	False	4.188334	4.171667	4.14	4.2	1.7628	0	4.209	4.214	96.3	-0.034	4.174	0	0	0	0	0	0	0	0	0	0	0	0	0	0	0	16.4	0	0	0	0	0	0	0	0	0	0	0	0	0	0	0	0	0	0	0	0	0	0	0	0	0	0	0	0	0	0	0	0	0	0	
22/03/2022 11:28:20	0	0	6	15.27	15.27	1.3	2419	1535	4.176	4.1773	16.5	0	False	4.185	4.185	4.143333	4.2	1.7732	0	4.209	4.22	96.4	-0.034	4.176	0	0	0	0	0	0	0	0	0	0	0	0	0	0	0	16.5	0	0	0	0	0	0	0	0	0	0	0	0	0	0	0	0	0	0	0	0	0	0	0	0	0	0	0	0	0	0	0	0	0	0	
22/03/2022 11:28:30	0	0	6	15.27	15.27	1.3	2421	1545	4.178	4.1785	16.4	0	False	4.2	4.213333	4.211667	4.2	1.7849	0	4.209	4.22	96.6	-0.034	4.178	0	0	0	0	0	0	0	0	0	0	0	0	0	0	0	16.4	0	0	0	0	0	0	0	0	0	0	0	0	0	0	0	0	0	0	0	0	0	0	0	0	0	0	0	0	0	0	0	0	0	0	
22/03/2022 11:28:40	0	0	6	15.27	15.27	1.3	2423	1555	4.18	4.181	16.4	0	False	4.21	4.2	4.2	4.2	1.7966	0	4.22	4.22	96.6	-0.046	4.18	0	0	0	0	0	0	0	0	0	0	0	0	0	0	0	16.4	0	0	0	0	0	0	0	0	0	0	0	0	0	0	0	0	0	0	0	0	0	0	0	0	0	0	0	0	0	0	0	0	0	0	
22/03/2022 11:28:50	0	0	6	15.27	15.27	1.3	2423	1565	4.182	4.1823	16.4	0	False	4.196667	4.178333	4.173333	4.2	1.8082	0	4.22	4.22	97	-0.034	4.182	0	0	0	0	0	0	0	0	0	0	0	0	0	0	0	16.4	0	0	0	0	0	0	0	0	0	0	0	0	0	0	0	0	0	0	0	0	0	0	0	0	0	0	0	0	0	0	0	0	0	0	
22/03/2022 11:29:00	0	0	6	15.29	15.27	1.3	2423	1575	4.184	4.1848	16.3	0	False	4.186666	4.188334	4.121666	4.2	1.8198	0	4.22	4.221	97.1	-0.034	4.184	0	0	0	0	0	0	0	0	0	0	0	0	0	0	0	16.3	0	0	0	0	0	0	0	0	0	0	0	0	0	0	0	0	0	0	0	0	0	0	0	0	0	0	0	0	0	0	0	0	0	0	
22/03/2022 11:29:10	0	0	6	15.27	15.27	1.3	2425	1585	4.186	4.1871	16.4	0	False	4.191667	4.223333	4.223333	4.2	1.8315	0	4.22	4.221	97.3	-0.034	4.186	0	0	0	0	0	0	0	0	0	0	0	0	0	0	0	16.4	0	0	0	0	0	0	0	0	0	0	0	0	0	0	0	0	0	0	0	0	0	0	0	0	0	0	0	0	0	0	0	0	0	0	
22/03/2022 11:29:20	0	0	6	15.27	15.27	1.3	2425	1595	4.188	4.1898	16.4	0	False	4.201667	4.2	4.19	4.2	1.8432	0	4.22	4.232	97.5	-0.034	4.188	0	0	0	0	0	0	0	0	0	0	0	0	0	0	0	16.4	0	0	0	0	0	0	0	0	0	0	0	0	0	0	0	0	0	0	0	0	0	0	0	0	0	0	0	0	0	0	0	0	0	0	
22/03/2022 11:29:30	0	0	6	15.27	15.27	1.3	2427	1605	4.19	4.1913	16.4	0	False	4.185	4.188334	4.151667	4.2	1.8548	0	4.232	4.232	97.8	-0.046	4.19	0	0	0	0	0	0	0	0	0	0	0	0	0	0	0	16.4	0	0	0	0	0	0	0	0	0	0	0	0	0	0	0	0	0	0	0	0	0	0	0	0	0	0	0	0	0	0	0	0	0	0	
22/03/2022 11:29:40	0	0	6	15.27	15.27	1.3	2429	1615	4.193	4.1935	16.4	0	False	4.188334	4.223333	4.216667	4.2	1.8665	0	4.232	4.232	98.1	-0.034	4.193	0	0	0	0	0	0	0	0	0	0	0	0	0	0	0	16.4	0	0	0	0	0	0	0	0	0	0	0	0	0	0	0	0	0	0	0	0	0	0	0	0	0	0	0	0	0	0	0	0	0	0	
22/03/2022 11:29:50	0	0	6	15.27	15.27	1.3	2431	1625	4.195	4.1962	16.4	0	False	4.198333	4.191667	4.19	4.2	1.8781	0	4.232	4.233	98.3	-0.034	4.195	0	0	0	0	0	0	0	0	0	0	0	0	0	0	0	16.4	0	0	0	0	0	0	0	0	0	0	0	0	0	0	0	0	0	0	0	0	0	0	0	0	0	0	0	0	0	0	0	0	0	0	
22/03/2022 11:30:00	0	0	6	15.27	15.27	1.3	2431	1635	4.199	4.1998	16.4	0	False	4.185	4.186666	4.116667	4.2	1.8898	0	4.232	4.243	98.5	-0.046	4.199	0	0	0	0	0	0	0	0	0	0	0	0	0	0	0	16.4	0	0	0	0	0	0	0	0	0	0	0	0	0	0	0	0	0	0	0	0	0	0	0	0	0	0	0	0	0	0	0	0	0	0	
22/03/2022 11:30:10	0	0	6	15.27	15.27	1.3	2435	1645	4.202	4.2023	16.4	0	False	4.191667	4.218333	4.25	4.2	1.9015	0	4.243	4.243	98.8	-0.046	4.202	0	0	0	0	0	0	0	0	0	0	0	0	0	0	0	16.4	0	0	0	0	0	0	0	0	0	0	0	0	0	0	0	0	0	0	0	0	0	0	0	0	0	0	0	0	0	0	0	0	0	0	
22/03/2022 11:30:20	0	0	6	15.29	15.27	1.3	2433	1655	4.204	4.2056	16.5	0	False	4.191667	4.17	4.16	4.2	1.9131	0	4.243	4.243	99.3	-0.034	4.204	0	0	0	0	0	0	0	0	0	0	0	0	0	0	0	16.5	0	0	0	0	0	0	0	0	0	0	0	0	0	0	0	0	0	0	0	0	0	0	0	0	0	0	0	0	0	0	0	0	0	0	
22/03/2022 11:30:30	0	0	6	15.27	15.27	1.3	2433	1665	4.208	4.2085	16.3	0	False	4.175	4.136667	4.135	4.2	1.9247	0	4.243	4.249	99.6	-0.034	4.208	0	0	0	0	0	0	0	0	0	0	0	0	0	0	0	16.3	0	0	0	0	0	0	0	0	0	0	0	0	0	0	0	0	0	0	0	0	0	0	0	0	0	0	0	0	0	0	0	0	0	0	
22/03/2022 11:30:40	0	0	6	15.27	15.27	1.1	2417	1675	4.208	4.209	16.3	0	True	4.07	3.7	3.59	4.2	1.9355	0	4.243	4.254	99.7	-0.034	4.208	0	0	0	0	0	0	0	0	0	0	0	0	0	0	0	16.3	0	0	0	0	0	0	0	0	0	0	0	0	0	0	0	0	0	0	0	0	0	0	0	0	0	0	0	0	0	0	0	0	0	0	
22/03/2022 11:30:50	0	0	6	15.27	15.27	1	2411	1685	4.208	4.2085	16.3	0	True	3.836667	3.431667	3.375	4.2	1.9453	0	4.243	4.254	99.8	-0.034	4.208	0	0	0	0	0	0	0	0	0	0	0	0	0	0	0	16.3	0	0	0	0	0	0	0	0	0	0	0	0	0	0	0	0	0	0	0	0	0	0	0	0	0	0	0	0	0	0	0	0	0	0	
22/03/2022 11:31:00	0	0	6	15.27	15.27	1	2405	1695	4.208	4.2088	16.3	0	True	3.613333	3.286667	3.248333	4.2	1.9546	0	4.243	4.254	99.8	-0.034	4.208	0	0	0	0	0	0	0	0	0	0	0	0	0	0	0	16.3	0	0	0	0	0	0	0	0	0	0	0	0	0	0	0	0	0	0	0	0	0	0	0	0	0	0	0	0	0	0	0	0	0	0	
22/03/2022 11:31:10	0	0	6	15.27	15.27	1	2401	1705	4.208	4.2087	16.3	0	True	3.391667	3.115	3.12	4.2	1.9633	0	4.243	4.254	100	-0.034	4.208	0	0	0	0	0	0	0	0	0	0	0	0	0	0	0	16.3	0	0	0	0	0	0	0	0	0	0	0	0	0	0	0	0	0	0	0	0	0	0	0	0	0	0	0	0	0	0	0	0	0	0	
22/03/2022 11:31:20	0	0	6	15.26	15.27	0.9	2395	1714	4.208	4.2085	16.3	0	True	3.216667	2.948333	2.843333	4.2	1.9707	0	4.243	4.254	100	-0.034	4.208	0	0	0	0	0	0	0	0	0	0	0	0	0	0	0	16.3	0	0	0	0	0	0	0	0	0	0	0	0	0	0	0	0	0	0	0	0	0	0	0	0	0	0	0	0	0	0	0	0	0	0	
22/03/2022 11:31:30	0	0	6	15.26	15.28	0.8	2389	1724	4.208	4.2085	16.3	0	True	3.065	2.773333	2.756667	4.2	1.9786	0	4.243	4.254	100	-0.034	4.208	0	0	0	0	0	0	0	0	0	0	0	0	0	0	0	16.3	0	0	0	0	0	0	0	0	0	0	0	0	0	0	0	0	0	0	0	0	0	0	0	0	0	0	0	0	0	0	0	0	0	0	
22/03/2022 11:31:40	0	0	6	15.26	15.27	0.8	2383	1734	4.208	4.2085	16.3	0	True	2.881667	2.583333	2.536667	4.2	1.986	0	4.243	4.254	100	-0.034	4.208	0	0	0	0	0	0	0	0	0	0	0	0	0	0	0	16.3	0	0	0	0	0	0	0	0	0	0	0	0	0	0	0	0	0	0	0	0	0	0	0	0	0	0	0	0	0	0	0	0	0	0	
22/03/2022 11:31:50	0	0	6	15.26	15.27	0.8	2383	1744	4.208	4.2085	16.3	0	True	2.71	2.491667	2.498333	4.2	1.9929	0	4.243	4.254	100	-0.034	4.208	0	0	0	0	0	0	0	0	0	0	0	0	0	0	0	16.3	0	0	0	0	0	0	0	0	0	0	0	0	0	0	0	0	0	0	0	0	0	0	0	0	0	0	0	0	0	0	0	0	0	0	
22/03/2022 11:32:00	0	0	6	15.26	15.27	0.7	2379	1754	4.208	4.2085	16.3	0	True	2.588333	2.375	2.366667	4.2	1.9997	0	4.254	4.254	100	-0.034	4.208	0	0	0	0	0	0	0	0	0	0	0	0	0	0	0	16.3	0	0	0	0	0	0	0	0	0	0	0	0	0	0	0	0	0	0	0	0	0	0	0	0	0	0	0	0	0	0	0	0	0	0	
22/03/2022 11:32:10	0	0	6	15.26	15.27	0.7	2371	1764	4.208	4.2085	16.3	0	True	2.453333	2.161667	2.168333	4.2	2.006	0	4.243	4.254	100	-0.034	4.208	0	0	0	0	0	0	0	0	0	0	0	0	0	0	0	16.3	0	0	0	0	0	0	0	0	0	0	0	0	0	0	0	0	0	0	0	0	0	0	0	0	0	0	0	0	0	0	0	0	0	0	
22/03/2022 11:32:20	0	0	6	15.26	15.28	0.6	2367	1774	4.208	4.2085	16.3	0	True	2.318333	2.123333	2.07	4.2	2.0119	0	4.243	4.254	100	-0.034	4.208	0	0	0	0	0	0	0	0	0	0	0	0	0	0	0	16.3	0	0	0	0	0	0	0	0	0	0	0	0	0	0	0	0	0	0	0	0	0	0	0	0	0	0	0	0	0	0	0	0	0	0	
22/03/2022 11:32:30	0	0	6	15.26	15.29	0.6	2367	1784	4.208	4.2085	16.3	0	True	2.205	2.058333	2.063333	4.2	2.0177	0	4.243	4.254	100	-0.034	4.208	0	0	0	0	0	0	0	0	0	0	0	0	0	0	0	16.3	0	0	0	0	0	0	0	0	0	0	0	0	0	0	0	0	0	0	0	0	0	0	0	0	0	0	0	0	0	0	0	0	0	0	
22/03/2022 11:32:40	0	0	6	15.25	15.29	0.6	2357	1794	4.208	4.2085	16.3	0	True	2.095	1.903333	1.936667	4.2	2.0231	0	4.243	4.254	100	-0.034	4.208	0	0	0	0	0	0	0	0	0	0	0	0	0	0	0	16.3	0	0	0	0	0	0	0	0	0	0	0	0	0	0	0	0	0	0	0	0	0	0	0	0	0	0	0	0	0	0	0	0	0	0	
22/03/2022 11:32:50	0	0	6	15.26	15.28	0.5	2351	1804	4.208	4.2085	16.3	0	True	1.991667	1.786667	1.776667	4.2	2.0283	0	4.243	4.254	100	-0.034	4.208	0	0	0	0	0	0	0	0	0	0	0	0	0	0	0	16.3	0	0	0	0	0	0	0	0	0	0	0	0	0	0	0	0	0	0	0	0	0	0	0	0	0	0	0	0	0	0	0	0	0	0	
22/03/2022 11:33:00	0	0	6	15.25	15.27	0.5	2343	1814	4.208	4.2088	16.3	0	True	1.888333	1.71	1.635	4.2	2.0331	0	4.243	4.254	100	-0.034	4.208	0	0	0	0	0	0	0	0	0	0	0	0	0	0	0	16.3	0	0	0	0	0	0	0	0	0	0	0	0	0	0	0	0	0	0	0	0	0	0	0	0	0	0	0	0	0	0	0	0	0	0	
22/03/2022 11:33:10	0	0	6	15.25	15.27	0.5	2337	1824	4.208	4.2085	16.3	0	True	1.771667	1.595	1.585	4.2	2.0377	0	4.243	4.254	100	-0.034	4.208	0	0	0	0	0	0	0	0	0	0	0	0	0	0	0	16.3	0	0	0	0	0	0	0	0	0	0	0	0	0	0	0	0	0	0	0	0	0	0	0	0	0	0	0	0	0	0	0	0	0	0	
22/03/2022 11:33:20	0	0	6	15.25	15.29	0.5	2335	1834	4.208	4.2085	16.3	0	True	1.678333	1.53	1.546667	4.2	2.042	0	4.243	4.254	100	-0.034	4.208	0	0	0	0	0	0	0	0	0	0	0	0	0	0	0	16.3	0	0	0	0	0	0	0	0	0	0	0	0	0	0	0	0	0	0	0	0	0	0	0	0	0	0	0	0	0	0	0	0	0	0	
22/03/2022 11:33:30	0	0	6	15.25	15.29	0.4	2329	1844	4.208	4.2085	16.3	0	True	1.605	1.473333	1.458333	4.2	2.0462	0	4.243	4.254	100	-0.034	4.208	0	0	0	0	0	0	0	0	0	0	0	0	0	0	0	16.3	0	0	0	0	0	0	0	0	0	0	0	0	0	0	0	0	0	0	0	0	0	0	0	0	0	0	0	0	0	0	0	0	0	0	
22/03/2022 11:33:40	0	0	6	15.25	15.29	0.4	2325	1854	4.208	4.2085	16.3	0	True	1.518333	1.395	1.408333	4.2	2.0501	0	4.243	4.254	100	-0.034	4.208	0	0	0	0	0	0	0	0	0	0	0	0	0	0	0	16.3	0	0	0	0	0	0	0	0	0	0	0	0	0	0	0	0	0	0	0	0	0	0	0	0	0	0	0	0	0	0	0	0	0	0	
22/03/2022 11:33:50	0	0	6	15.25	15.29	0.4	2319	1864	4.208	4.2085	16.3	0	True	1.435	1.26	1.276667	4.2	2.0538	0	4.243	4.254	100	-0.034	4.208	0	0	0	0	0	0	0	0	0	0	0	0	0	0	0	16.3	0	0	0	0	0	0	0	0	0	0	0	0	0	0	0	0	0	0	0	0	0	0	0	0	0	0	0	0	0	0	0	0	0	0	
22/03/2022 11:34:00	0	0	6	15.25	15.29	0.4	2319	1874	4.208	4.2085	16.3	0	True	1.358333	1.265	1.265	4.2	2.0573	0	4.243	4.254	100	-0.034	4.208	0	0	0	0	0	0	0	0	0	0	0	0	0	0	0	16.3	0	0	0	0	0	0	0	0	0	0	0	0	0	0	0	0	0	0	0	0	0	0	0	0	0	0	0	0	0	0	0	0	0	0	
22/03/2022 11:34:10	0	0	6	15.25	15.29	0.4	2313	1884	4.208	4.2085	16.3	0	True	1.303333	1.186667	1.21	4.2	2.0607	0	4.243	4.254	100	-0.034	4.208	0	0	0	0	0	0	0	0	0	0	0	0	0	0	0	16.3	0	0	0	0	0	0	0	0	0	0	0	0	0	0	0	0	0	0	0	0	0	0	0	0	0	0	0	0	0	0	0	0	0	0	
22/03/2022 11:34:20	0	0	6	15.25	15.28	0.3	2311	1893	4.208	4.2085	16.3	0	True	1.241667	1.11	1.095	4.2	2.0636	0	4.254	4.254	100	-0.034	4.208	0	0	0	0	0	0	0	0	0	0	0	0	0	0	0	16.3	0	0	0	0	0	0	0	0	0	0	0	0	0	0	0	0	0	0	0	0	0	0	0	0	0	0	0	0	0	0	0	0	0	0	
22/03/2022 11:34:30	0	0	6	15.25	15.29	0.3	2307	1903	4.208	4.2085	16.3	0	True	1.168333	1.023333	1.023333	4.2	2.0665	0	4.243	4.254	100	-0.034	4.208	0	0	0	0	0	0	0	0	0	0	0	0	0	0	0	16.3	0	0	0	0	0	0	0	0	0	0	0	0	0	0	0	0	0	0	0	0	0	0	0	0	0	0	0	0	0	0	0	0	0	0	
22/03/2022 11:34:40	0	0	6	15.25	15.29	0.3	2305	1913	4.208	4.2085	16.3	0	True	1.106667	1.023333	1.028333	4.2	2.0694	0	4.243	4.254	100	-0.034	4.208	0	0	0	0	0	0	0	0	0	0	0	0	0	0	0	16.3	0	0	0	0	0	0	0	0	0	0	0	0	0	0	0	0	0	0	0	0	0	0	0	0	0	0	0	0	0	0	0	0	0	0	
22/03/2022 11:34:50	0	0	6	15.25	15.29	0.3	2303	1923	4.208	4.2085	16.3	0	True	1.041667	0.9366667	0.94	4.2	2.0721	0	4.243	4.252	100	-0.034	4.208	0	0	0	0	0	0	0	0	0	0	0	0	0	0	0	16.3	0	0	0	0	0	0	0	0	0	0	0	0	0	0	0	0	0	0	0	0	0	0	0	0	0	0	0	0	0	0	0	0	0	0	
22/03/2022 11:35:00	0	0	6	15.24	15.29	0.3	2303	1933	4.208	4.2085	16.3	0	True	0.9983333	0.9316667	0.9233333	4.2	2.0747	0	4.243	4.252	100	-0.034	4.208	0	0	0	0	0	0	0	0	0	0	0	0	0	0	0	16.3	0	0	0	0	0	0	0	0	0	0	0	0	0	0	0	0	0	0	0	0	0	0	0	0	0	0	0	0	0	0	0	0	0	0	
22/03/2022 11:35:10	0	0	6	15.24	15.29	0.3	2301	1943	4.208	4.2085	16.3	0	True	0.97	0.93	0.935	4.2	2.0772	0	4.243	4.252	100	-0.034	4.208	0	0	0	0	0	0	0	0	0	0	0	0	0	0	0	16.3	0	0	0	0	0	0	0	0	0	0	0	0	0	0	0	0	0	0	0	0	0	0	0	0	0	0	0	0	0	0	0	0	0	0	
22/03/2022 11:35:20	0	0	6	15.24	15.29	0.3	2297	1953	4.208	4.2085	16.3	0	True	0.925	0.83	0.8366666	4.2	2.0796	0	4.243	4.254	100	-0.034	4.208	0	0	0	0	0	0	0	0	0	0	0	0	0	0	0	16.3	0	0	0	0	0	0	0	0	0	0	0	0	0	0	0	0	0	0	0	0	0	0	0	0	0	0	0	0	0	0	0	0	0	0	
22/03/2022 11:35:30	0	0	6	15.24	15.29	0.2	2295	1963	4.208	4.2085	16.3	0	True	0.8633333	0.7566667	0.7633333	4.2	2.0818	0	4.243	4.254	100	-0.034	4.208	0	0	0	0	0	0	0	0	0	0	0	0	0	0	0	16.3	0	0	0	0	0	0	0	0	0	0	0	0	0	0	0	0	0	0	0	0	0	0	0	0	0	0	0	0	0	0	0	0	0	0	
22/03/2022 11:35:40	0	0	6	15.25	15.29	0.2	2295	1973	4.208	4.2085	16.3	0	True	0.8133333	0.7483333	0.7683333	4.2	2.0838	0	4.243	4.254	100	-0.034	4.208	0	0	0	0	0	0	0	0	0	0	0	0	0	0	0	16.3	0	0	0	0	0	0	0	0	0	0	0	0	0	0	0	0	0	0	0	0	0	0	0	0	0	0	0	0	0	0	0	0	0	0	
22/03/2022 11:35:50	0	0	6	15.24	15.29	0.2	2295	1983	4.208	4.2085	16.3	0	True	0.7883334	0.7433333	0.7483333	4.2	2.0859	0	4.243	4.254	100	-0.034	4.208	0	0	0	0	0	0	0	0	0	0	0	0	0	0	0	16.3	0	0	0	0	0	0	0	0	0	0	0	0	0	0	0	0	0	0	0	0	0	0	0	0	0	0	0	0	0	0	0	0	0	0	
22/03/2022 11:36:00	0	0	6	15.24	15.29	0.2	2291	1992	4.208	4.2085	16.3	0	True	0.7533333	0.6633334	0.6766667	4.2	2.0876	0	4.243	4.254	100	-0.034	4.208	0	0	0	0	0	0	0	0	0	0	0	0	0	0	0	16.3	0	0	0	0	0	0	0	0	0	0	0	0	0	0	0	0	0	0	0	0	0	0	0	0	0	0	0	0	0	0	0	0	0	0	
22/03/2022 11:36:10	0	0	6	15.24	15.29	0.2	2291	2003	4.208	4.2085	16.3	0	True	0.7116666	0.66	0.6766667	4.2	2.0897	0	4.243	4.254	100	-0.034	4.208	0	0	0	0	0	0	0	0	0	0	0	0	0	0	0	16.3	0	0	0	0	0	0	0	0	0	0	0	0	0	0	0	0	0	0	0	0	0	0	0	0	0	0	0	0	0	0	0	0	0	0	
22/03/2022 11:36:20	0	0	6	15.25	15.29	0.2	2291	2013	4.208	4.2085	16.3	0	True	0.6883333	0.6533333	0.6766667	4.2	2.0915	0	4.243	4.254	100	-0.034	4.208	0	0	0	0	0	0	0	0	0	0	0	0	0	0	0	16.3	0	0	0	0	0	0	0	0	0	0	0	0	0	0	0	0	0	0	0	0	0	0	0	0	0	0	0	0	0	0	0	0	0	0	
22/03/2022 11:36:30	0	0	6	15.24	15.29	0.1	2283	2023	4.208	4.2085	16.3	0	True	0.63	0.48	0.5	4.2	2.093	0	4.243	4.254	100	-0.034	4.208	0	0	0	0	0	0	0	0	0	0	0	0	0	0	0	16.3	0	0	0	0	0	0	0	0	0	0	0	0	0	0	0	0	0	0	0	0	0	0	0	0	0	0	0	0	0	0	0	0	0	0	
22/03/2022 11:36:40	0	0	6	15.24	15.29	0.1	2283	2033	4.207	4.2073	16.3	0	True	0.565	0.4833333	0.4883333	4.2	2.0943	0	4.243	4.254	100	-0.034	4.207	0	0	0	0	0	0	0	0	0	0	0	0	0	0	0	16.3	0	0	0	0	0	0	0	0	0	0	0	0	0	0	0	0	0	0	0	0	0	0	0	0	0	0	0	0	0	0	0	0	0	0	
22/03/2022 11:36:50	0	0	6	15.24	15.29	0.1	2283	2043	4.207	4.2073	16.3	0	True	0.5333334	0.48	0.4933333	4.2	2.0957	0	4.243	4.254	100	-0.034	4.207	0	0	0	0	0	0	0	0	0	0	0	0	0	0	0	16.3	0	0	0	0	0	0	0	0	0	0	0	0	0	0	0	0	0	0	0	0	0	0	0	0	0	0	0	0	0	0	0	0	0	0	
22/03/2022 11:37:00	0	0	6	15.24	15.29	0.1	2283	2053	4.207	4.2073	16.3	0	True	0.5166667	0.4783333	0.4883333	4.2	2.097	0	4.243	4.254	100	-0.034	4.207	0	0	0	0	0	0	0	0	0	0	0	0	0	0	0	16.3	0	0	0	0	0	0	0	0	0	0	0	0	0	0	0	0	0	0	0	0	0	0	0	0	0	0	0	0	0	0	0	0	0	0	
22/03/2022 11:37:10	0	0	6	15.24	15.29	0.1	2283	2063	4.207	4.2073	16.3	0	True	0.5	0.4783333	0.4666667	4.2	2.0983	0	4.243	4.254	100	-0.034	4.207	0	0	0	0	0	0	0	0	0	0	0	0	0	0	0	16.3	0	0	0	0	0	0	0	0	0	0	0	0	0	0	0	0	0	0	0	0	0	0	0	0	0	0	0	0	0	0	0	0	0	0	
22/03/2022 11:37:20	0	0	6	15.24	15.29	0.1	2283	2072	4.207	4.2085	16.3	0	True	0.485	0.4783333	0.4666667	4.2	2.0995	0	4.243	4.254	100	-0.046	4.207	0	0	0	0	0	0	0	0	0	0	0	0	0	0	0	16.3	0	0	0	0	0	0	0	0	0	0	0	0	0	0	0	0	0	0	0	0	0	0	0	0	0	0	0	0	0	0	0	0	0	0	
22/03/2022 11:37:30	0	0	6	15.24	15.29	0.1	2283	2082	4.208	4.2085	16.3	0	True	0.4716667	0.475	0.4783333	4.2	2.1009	0	4.243	4.254	100	-0.034	4.208	0	0	0	0	0	0	0	0	0	0	0	0	0	0	0	16.3	0	0	0	0	0	0	0	0	0	0	0	0	0	0	0	0	0	0	0	0	0	0	0	0	0	0	0	0	0	0	0	0	0	0	
22/03/2022 11:37:40	0	0	6	15.24	15.29	0.1	2283	2092	4.208	4.2085	16.3	0	True	0.475	0.47	0.4783333	4.2	2.1022	0	4.243	4.254	100	-0.034	4.208	0	0	0	0	0	0	0	0	0	0	0	0	0	0	0	16.3	0	0	0	0	0	0	0	0	0	0	0	0	0	0	0	0	0	0	0	0	0	0	0	0	0	0	0	0	0	0	0	0	0	0	
22/03/2022 11:37:50	0	0	6	15.24	15.29	0.1	2283	2102	4.208	4.2085	16.3	0	True	0.4666667	0.4616667	0.4433333	4.2	2.1035	0	4.243	4.254	100	-0.034	4.208	0	0	0	0	0	0	0	0	0	0	0	0	0	0	0	16.3	0	0	0	0	0	0	0	0	0	0	0	0	0	0	0	0	0	0	0	0	0	0	0	0	0	0	0	0	0	0	0	0	0	0	
22/03/2022 11:38:00	0	0	6	15.24	15.29	0.1	2279	2112	4.208	4.2087	16.3	0	True	0.46	0.4233333	0.39	4.2	2.1047	0	4.243	4.254	100	-0.034	4.208	0	0	0	0	0	0	0	0	0	0	0	0	0	0	0	16.3	0	0	0	0	0	0	0	0	0	0	0	0	0	0	0	0	0	0	0	0	0	0	0	0	0	0	0	0	0	0	0	0	0	0	
22/03/2022 11:38:10	0	0	6	15.24	15.29	0.1	2279	2122	4.208	4.2085	16.3	0	True	0.4266667	0.3683333	0.3666667	4.2	2.1058	0	4.243	4.254	100	-0.034	4.208	0	0	0	0	0	0	0	0	0	0	0	0	0	0	0	16.3	0	0	0	0	0	0	0	0	0	0	0	0	0	0	0	0	0	0	0	0	0	0	0	0	0	0	0	0	0	0	0	0	0	0	
22/03/2022 11:38:20	0	0	6	15.24	15.29	0.1	2279	2132	4.208	4.2085	16.3	0	True	0.41	0.3716667	0.4	4.2	2.1068	0	4.243	4.254	100	-0.034	4.208	0	0	0	0	0	0	0	0	0	0	0	0	0	0	0	16.3	0	0	0	0	0	0	0	0	0	0	0	0	0	0	0	0	0	0	0	0	0	0	0	0	0	0	0	0	0	0	0	0	0	0	
22/03/2022 11:38:30	0	0	6	15.24	15.29	0.1	2279	2142	4.208	4.2085	16.3	0	True	0.3933333	0.365	0.3666667	4.2	2.1078	0	4.243	4.254	100	-0.034	4.208	0	0	0	0	0	0	0	0	0	0	0	0	0	0	0	16.3	0	0	0	0	0	0	0	0	0	0	0	0	0	0	0	0	0	0	0	0	0	0	0	0	0	0	0	0	0	0	0	0	0	0	
22/03/2022 11:38:40	0	0	6	15.24	15.28	0.1	2277	2152	4.208	4.2085	16.3	0	True	0.3766667	0.3616667	0.3783333	4.2	2.1088	0	4.243	4.254	100	-0.034	4.208	0	0	0	0	0	0	0	0	0	0	0	0	0	0	0	16.3	0	0	0	0	0	0	0	0	0	0	0	0	0	0	0	0	0	0	0	0	0	0	0	0	0	0	0	0	0	0	0	0	0	0	
22/03/2022 11:38:50	0	0	6	15.24	15.29	0.1	2275	2162	4.208	4.2085	16.3	0	True	0.34	0.28	0.29	4.2	2.1096	0	4.243	4.254	100	-0.034	4.208	0	0	0	0	0	0	0	0	0	0	0	0	0	0	0	16.3	0	0	0	0	0	0	0	0	0	0	0	0	0	0	0	0	0	0	0	0	0	0	0	0	0	0	0	0	0	0	0	0	0	0	
22/03/2022 11:39:00	0	0	6	15.24	15.29	0.1	2275	2172	4.208	4.2085	16.3	0	True	0.3166667	0.2866667	0.295	4.2	2.1104	0	4.243	4.254	100	-0.034	4.208	0	0	0	0	0	0	0	0	0	0	0	0	0	0	0	16.3	0	0	0	0	0	0	0	0	0	0	0	0	0	0	0	0	0	0	0	0	0	0	0	0	0	0	0	0	0	0	0	0	0	0	
22/03/2022 11:39:10	0	0	6	15.24	15.29	0.1	2275	2182	4.208	4.2085	16.3	0	True	0.3	0.2733333	0.2683333	4.2	2.1112	0	4.243	4.254	100	-0.034	4.208	0	0	0	0	0	0	0	0	0	0	0	0	0	0	0	16.3	0	0	0	0	0	0	0	0	0	0	0	0	0	0	0	0	0	0	0	0	0	0	0	0	0	0	0	0	0	0	0	0	0	0	
22/03/2022 11:39:20	0	0	6	15.24	15.29	0.1	2275	2192	4.208	4.2085	16.3	0	True	0.2833333	0.2766667	0.2683333	4.2	2.112	0	4.243	4.254	100	-0.034	4.208	0	0	0	0	0	0	0	0	0	0	0	0	0	0	0	16.3	0	0	0	0	0	0	0	0	0	0	0	0	0	0	0	0	0	0	0	0	0	0	0	0	0	0	0	0	0	0	0	0	0	0	
22/03/2022 11:39:30	0	0	6	15.24	15.29	0.1	2275	2202	4.208	4.2085	16.3	0	True	0.2816667	0.2816667	0.2683333	4.2	2.1128	0	4.243	4.254	100	-0.046	4.208	0	0	0	0	0	0	0	0	0	0	0	0	0	0	0	16.3	0	0	0	0	0	0	0	0	0	0	0	0	0	0	0	0	0	0	0	0	0	0	0	0	0	0	0	0	0	0	0	0	0	0	
22/03/2022 11:39:40	0	0	6	15.24	15.28	0.1	2275	2212	4.208	4.2085	16.3	0	True	0.275	0.2716667	0.2683333	4.2	2.1135	0	4.243	4.254	100	-0.034	4.208	0	0	0	0	0	0	0	0	0	0	0	0	0	0	0	16.3	0	0	0	0	0	0	0	0	0	0	0	0	0	0	0	0	0	0	0	0	0	0	0	0	0	0	0	0	0	0	0	0	0	0	
22/03/2022 11:39:50	0	0	6	15.24	15.29	0.1	2275	2222	4.208	4.2085	16.3	0	True	0.2716667	0.2683333	0.2783333	4.2	2.1143	0	4.254	4.254	100	-0.046	4.208	0	0	0	0	0	0	0	0	0	0	0	0	0	0	0	16.3	0	0	0	0	0	0	0	0	0	0	0	0	0	0	0	0	0	0	0	0	0	0	0	0	0	0	0	0	0	0	0	0	0	0	
22/03/2022 11:40:00	0	0	6	15.24	15.29	0.1	2275	2232	4.208	4.2085	16.3	0	True	0.2733333	0.27	0.2566667	4.2	2.1151	0	4.243	4.254	100	-0.034	4.208	0	0	0	0	0	0	0	0	0	0	0	0	0	0	0	16.3	0	0	0	0	0	0	0	0	0	0	0	0	0	0	0	0	0	0	0	0	0	0	0	0	0	0	0	0	0	0	0	0	0	0	
22/03/2022 11:40:10	0	0	6	15.24	15.29	0.1	2273	2241	4.208	4.2085	16.3	0	True	0.2733333	0.2683333	0.2566667	4.2	2.1158	0	4.243	4.254	100	-0.034	4.208	0	0	0	0	0	0	0	0	0	0	0	0	0	0	0	16.3	0	0	0	0	0	0	0	0	0	0	0	0	0	0	0	0	0	0	0	0	0	0	0	0	0	0	0	0	0	0	0	0	0	0	
22/03/2022 11:40:20	0	0	6	15.23	15.29	0	2271	2251	4.208	4.2085	16.3	0	True	0.2466667	0.1866667	0.1866667	4.2	2.1163	0	4.243	4.254	100	-0.034	4.208	0	0	0	0	0	0	0	0	0	0	0	0	0	0	0	16.3	0	0	0	0	0	0	0	0	0	0	0	0	0	0	0	0	0	0	0	0	0	0	0	0	0	0	0	0	0	0	0	0	0	0	
22/03/2022 11:40:30	0	0	6	15.23	15.29	0.1	2271	2260	4.208	4.2085	16.3	0	True	0.2233333	0.19	0.2016667	4.2	2.1167	0	4.243	4.252	100	-0.034	4.208	0	0	0	0	0	0	0	0	0	0	0	0	0	0	0	16.3	0	0	0	0	0	0	0	0	0	0	0	0	0	0	0	0	0	0	0	0	0	0	0	0	0	0	0	0	0	0	0	0	0	0	
22/03/2022 11:40:40	0	0	11	15.24	15.29	0	0	2	4.207	4.2082	16.3	0	True	0.185	0	0	4.2	2.1172	0	4.232	4.254	100	-0.034	4.207	0	0	0	0	0	0	0	0	0	0	0	0	0	0	0	16.3	0	0	0	0	0	0	0	0	0	0	0	0	0	0	0	0	0	0	0	0	0	0	0	0	0	0	0	0	0	0	0	0	0	0	
22/03/2022 11:40:50	0	0	11	15.23	15.29	0	0	12	4.205	4.2082	16.3	0	True	0.1033333	0	0	4.2	2.1172	0	4.243	4.253	100	-0.034	4.205	0	0	0	0	0	0	0	0	0	0	0	0	0	0	0	16.3	0	0	0	0	0	0	0	0	0	0	0	0	0	0	0	0	0	0	0	0	0	0	0	0	0	0	0	0	0	0	0	0	0	0	
22/03/2022 11:41:00	0	0	11	15.24	15.29	0	0	22	4.204	4.2082	16.3	0	True	0.06166667	0	0	4.2	2.1172	0	4.243	4.253	100	-0.034	4.204	0	0	0	0	0	0	0	0	0	0	0	0	0	0	0	16.3	0	0	0	0	0	0	0	0	0	0	0	0	0	0	0	0	0	0	0	0	0	0	0	0	0	0	0	0	0	0	0	0	0	0	
22/03/2022 11:41:10	0	0	11	15.24	15.29	0	0	32	4.204	4.2082	16.3	0	True	0.04	0	0	4.2	2.1172	0	4.243	4.252	100	-0.034	4.204	0	0	0	0	0	0	0	0	0	0	0	0	0	0	0	16.3	0	0	0	0	0	0	0	0	0	0	0	0	0	0	0	0	0	0	0	0	0	0	0	0	0	0	0	0	0	0	0	0	0	0	
22/03/2022 11:41:20	0	0	11	15.24	15.29	0	0	42	4.203	4.2082	16.3	0	True	0.02333333	0	0	4.2	2.1172	0	4.243	4.249	100	-0.034	4.203	0	0	0	0	0	0	0	0	0	0	0	0	0	0	0	16.3	0	0	0	0	0	0	0	0	0	0	0	0	0	0	0	0	0	0	0	0	0	0	0	0	0	0	0	0	0	0	0	0	0	0	
22/03/2022 11:41:30	0	0	11	15.23	15.29	0	0	52	4.203	4.2082	16.3	0	True	0.006666667	0	0	4.2	2.1172	0	4.243	4.246	100	-0.034	4.203	0	0	0	0	0	0	0	0	0	0	0	0	0	0	0	16.3	0	0	0	0	0	0	0	0	0	0	0	0	0	0	0	0	0	0	0	0	0	0	0	0	0	0	0	0	0	0	0	0	0	0	
22/03/2022 11:41:40	0	0	8	15.23	15.27	0	2030	2	4.193	4.1935	16.3	0	False	-0.655	-0.6933333	-1.89	4.25	2.1172	0.0006	4.232	4.232	-1	-0.046	4.193	0	0	0	0	0	0	0	0	0	0	0	0	0	0	0	16.3	0	0	0	0	0	0	0	0	0	0	0	0	0	0	0	0	0	0	0	0	0	0	0	0	0	0	0	0	0	0	0	0	0	0	
22/03/2022 11:41:50	0	0	8	15.23	15.25	0	3400	12	4.154	4.1548	16.3	0	False	-4.073333	-4.245	-4.246666	4.25	2.1172	0.0122	4.186	4.186	-1	-0.034	4.154	0	0	0	0	0	0	0	0	0	0	0	0	0	0	0	16.3	0	0	0	0	0	0	0	0	0	0	0	0	0	0	0	0	0	0	0	0	0	0	0	0	0	0	0	0	0	0	0	0	0	0	
22/03/2022 11:42:00	0	0	8	15.23	15.25	0	3398	21	4.137	4.1373	16.3	0	False	-4.145	-4.245	-4.261667	4.25	2.1172	0.0228	4.174	4.174	-1	-0.034	4.137	0	0	0	0	0	0	0	0	0	0	0	0	0	0	0	16.3	0	0	0	0	0	0	0	0	0	0	0	0	0	0	0	0	0	0	0	0	0	0	0	0	0	0	0	0	0	0	0	0	0	0	
22/03/2022 11:42:10	0	0	8	15.23	15.25	0	3388	31	4.125	4.126	16.3	0	False	-4.186666	-4.253334	-4.251667	4.25	2.1172	0.0346	4.163	4.163	-1	-0.034	4.125	0	0	0	0	0	0	0	0	0	0	0	0	0	0	0	16.3	0	0	0	0	0	0	0	0	0	0	0	0	0	0	0	0	0	0	0	0	0	0	0	0	0	0	0	0	0	0	0	0	0	0	
22/03/2022 11:42:20	0	0	8	15.23	15.25	0	3398	41	4.115	4.116	16.3	0	False	-4.21	-4.251667	-4.228333	4.25	2.1172	0.0464	4.163	4.151	-1	-0.034	4.115	0	0	0	0	0	0	0	0	0	0	0	0	0	0	0	16.3	0	0	0	0	0	0	0	0	0	0	0	0	0	0	0	0	0	0	0	0	0	0	0	0	0	0	0	0	0	0	0	0	0	0	
22/03/2022 11:42:30	0	0	8	15.23	15.25	0	3392	51	4.108	4.1085	16.3	0	False	-4.226666	-4.25	-4.223333	4.25	2.1172	0.0583	4.151	4.151	-1	-0.046	4.108	0	0	0	0	0	0	0	0	0	0	0	0	0	0	0	16.3	0	0	0	0	0	0	0	0	0	0	0	0	0	0	0	0	0	0	0	0	0	0	0	0	0	0	0	0	0	0	0	0	0	0	
22/03/2022 11:42:40	0	0	8	15.23	15.25	0	3402	61	4.102	4.1023	16.3	0	False	-4.243333	-4.251667	-4.236667	4.25	2.1172	0.0701	4.14	4.14	-1	-0.034	4.102	0	0	0	0	0	0	0	0	0	0	0	0	0	0	0	16.3	0	0	0	0	0	0	0	0	0	0	0	0	0	0	0	0	0	0	0	0	0	0	0	0	0	0	0	0	0	0	0	0	0	0	
22/03/2022 11:42:50	0	0	8	15.23	15.25	0	3400	71	4.096	4.0969	16.3	0	False	-4.248333	-4.248333	-4.258333	4.25	2.1172	0.0819	4.128	4.14	-1	-0.034	4.096	0	0	0	0	0	0	0	0	0	0	0	0	0	0	0	16.3	0	0	0	0	0	0	0	0	0	0	0	0	0	0	0	0	0	0	0	0	0	0	0	0	0	0	0	0	0	0	0	0	0	0	
22/03/2022 11:43:00	0	0	8	15.23	15.25	0	3410	81	4.09	4.0908	16.3	0	False	-4.246666	-4.243333	-4.253334	4.25	2.1172	0.0937	4.128	4.132	-1	-0.034	4.09	0	0	0	0	0	0	0	0	0	0	0	0	0	0	0	16.3	0	0	0	0	0	0	0	0	0	0	0	0	0	0	0	0	0	0	0	0	0	0	0	0	0	0	0	0	0	0	0	0	0	0	
22/03/2022 11:43:10	0	0	8	15.23	15.25	0	3412	91	4.085	4.0858	16.3	0	False	-4.248333	-4.243333	-4.265	4.25	2.1172	0.1055	4.128	4.128	-1	-0.046	4.085	0	0	0	0	0	0	0	0	0	0	0	0	0	0	0	16.3	0	0	0	0	0	0	0	0	0	0	0	0	0	0	0	0	0	0	0	0	0	0	0	0	0	0	0	0	0	0	0	0	0	0	
22/03/2022 11:43:20	0	0	8	15.23	15.25	0	3402	101	4.079	4.0801	16.3	0	False	-4.251667	-4.25	-4.246666	4.25	2.1172	0.1172	4.117	4.124	-1	-0.046	4.079	0	0	0	0	0	0	0	0	0	0	0	0	0	0	0	16.3	0	0	0	0	0	0	0	0	0	0	0	0	0	0	0	0	0	0	0	0	0	0	0	0	0	0	0	0	0	0	0	0	0	0	
22/03/2022 11:43:30	0	0	8	15.23	15.25	0	3400	111	4.075	4.0758	16.3	0	False	-4.248333	-4.251667	-4.231667	4.25	2.1172	0.129	4.117	4.117	-1	-0.034	4.075	0	0	0	0	0	0	0	0	0	0	0	0	0	0	0	16.3	0	0	0	0	0	0	0	0	0	0	0	0	0	0	0	0	0	0	0	0	0	0	0	0	0	0	0	0	0	0	0	0	0	0	
22/03/2022 11:43:40	0	0	8	15.23	15.25	0	3410	121	4.071	4.0719	16.3	0	False	-4.248333	-4.25	-4.265	4.25	2.1172	0.1408	4.105	4.117	-1	-0.034	4.071	0	0	0	0	0	0	0	0	0	0	0	0	0	0	0	16.3	0	0	0	0	0	0	0	0	0	0	0	0	0	0	0	0	0	0	0	0	0	0	0	0	0	0	0	0	0	0	0	0	0	0	
22/03/2022 11:43:50	0	0	8	15.23	15.25	0	3400	131	4.068	4.0684	16.3	0	False	-4.246666	-4.25	-4.263333	4.25	2.1172	0.1526	4.105	4.112	-1	-0.034	4.068	0	0	0	0	0	0	0	0	0	0	0	0	0	0	0	16.3	0	0	0	0	0	0	0	0	0	0	0	0	0	0	0	0	0	0	0	0	0	0	0	0	0	0	0	0	0	0	0	0	0	0	
22/03/2022 11:44:00	0	0	8	15.23	15.25	0	3406	141	4.064	4.0647	16.3	0	False	-4.25	-4.25	-4.258333	4.25	2.1172	0.1644	4.105	4.105	-1	-0.046	4.064	0	0	0	0	0	0	0	0	0	0	0	0	0	0	0	16.3	0	0	0	0	0	0	0	0	0	0	0	0	0	0	0	0	0	0	0	0	0	0	0	0	0	0	0	0	0	0	0	0	0	0	
22/03/2022 11:44:10	0	0	8	15.23	15.25	0	3404	151	4.062	4.0622	16.3	0	False	-4.246666	-4.243333	-4.215	4.25	2.1172	0.1762	4.094	4.105	-1	-0.046	4.062	0	0	0	0	0	0	0	0	0	0	0	0	0	0	0	16.3	0	0	0	0	0	0	0	0	0	0	0	0	0	0	0	0	0	0	0	0	0	0	0	0	0	0	0	0	0	0	0	0	0	0	
22/03/2022 11:44:20	0	0	8	15.23	15.25	0	3398	161	4.058	4.0587	16.3	0	False	-4.246666	-4.253334	-4.285	4.25	2.1172	0.188	4.105	4.105	-1	-0.034	4.058	0	0	0	0	0	0	0	0	0	0	0	0	0	0	0	16.3	0	0	0	0	0	0	0	0	0	0	0	0	0	0	0	0	0	0	0	0	0	0	0	0	0	0	0	0	0	0	0	0	0	0	
22/03/2022 11:44:30	0	0	8	15.23	15.25	0	3404	171	4.055	4.056	16.3	0	False	-4.25	-4.25	-4.236667	4.25	2.1172	0.1998	4.094	4.095	-1	-0.034	4.055	0	0	0	0	0	0	0	0	0	0	0	0	0	0	0	16.3	0	0	0	0	0	0	0	0	0	0	0	0	0	0	0	0	0	0	0	0	0	0	0	0	0	0	0	0	0	0	0	0	0	0	
22/03/2022 11:44:40	0	0	8	15.23	15.25	0	3402	181	4.053	4.0535	16.3	0	False	-4.248333	-4.251667	-4.253334	4.25	2.1172	0.2116	4.082	4.094	-1	-0.034	4.053	0	0	0	0	0	0	0	0	0	0	0	0	0	0	0	16.3	0	0	0	0	0	0	0	0	0	0	0	0	0	0	0	0	0	0	0	0	0	0	0	0	0	0	0	0	0	0	0	0	0	0	
22/03/2022 11:44:50	0	0	8	15.23	15.25	0	3400	191	4.051	4.0522	16.3	0	False	-4.25	-4.251667	-4.258333	4.25	2.1172	0.2234	4.082	4.094	-1	-0.046	4.051	0	0	0	0	0	0	0	0	0	0	0	0	0	0	0	16.3	0	0	0	0	0	0	0	0	0	0	0	0	0	0	0	0	0	0	0	0	0	0	0	0	0	0	0	0	0	0	0	0	0	0	
22/03/2022 11:45:00	0	0	8	15.23	15.25	0	3398	201	4.049	4.0497	16.3	0	False	-4.251667	-4.251667	-4.253334	4.25	2.1172	0.2352	4.082	4.094	-1	-0.034	4.049	0	0	0	0	0	0	0	0	0	0	0	0	0	0	0	16.3	0	0	0	0	0	0	0	0	0	0	0	0	0	0	0	0	0	0	0	0	0	0	0	0	0	0	0	0	0	0	0	0	0	0	
22/03/2022 11:45:10	0	0	8	15.23	15.25	0	3400	210	4.047	4.0478	16.3	0	False	-4.248333	-4.253334	-4.253334	4.25	2.1172	0.247	4.082	4.094	-1	-0.034	4.047	0	0	0	0	0	0	0	0	0	0	0	0	0	0	0	16.3	0	0	0	0	0	0	0	0	0	0	0	0	0	0	0	0	0	0	0	0	0	0	0	0	0	0	0	0	0	0	0	0	0	0	
22/03/2022 11:45:20	0	0	8	15.23	15.25	0	3406	220	4.045	4.046	16.3	0	False	-4.246666	-4.246666	-4.236667	4.25	2.1172	0.2576	4.082	4.088	-1	-0.034	4.045	0	0	0	0	0	0	0	0	0	0	0	0	0	0	0	16.3	0	0	0	0	0	0	0	0	0	0	0	0	0	0	0	0	0	0	0	0	0	0	0	0	0	0	0	0	0	0	0	0	0	0	
22/03/2022 11:45:30	0	0	8	15.23	15.25	0	3392	230	4.043	4.0439	16.3	0	False	-4.245	-4.253334	-4.265	4.25	2.1172	0.2694	4.082	4.082	-1	-0.046	4.043	0	0	0	0	0	0	0	0	0	0	0	0	0	0	0	16.3	0	0	0	0	0	0	0	0	0	0	0	0	0	0	0	0	0	0	0	0	0	0	0	0	0	0	0	0	0	0	0	0	0	0	
22/03/2022 11:45:40	0	0	8	15.23	15.25	0	3402	240	4.042	4.0422	16.3	0	False	-4.25	-4.251667	-4.231667	4.25	2.1172	0.2812	4.082	4.082	-1	-0.046	4.042	0	0	0	0	0	0	0	0	0	0	0	0	0	0	0	16.3	0	0	0	0	0	0	0	0	0	0	0	0	0	0	0	0	0	0	0	0	0	0	0	0	0	0	0	0	0	0	0	0	0	0	
22/03/2022 11:45:50	0	0	8	15.23	15.25	0	3408	250	4.04	4.041	16.3	0	False	-4.248333	-4.243333	-4.258333	4.25	2.1172	0.293	4.071	4.082	-1	-0.034	4.04	0	0	0	0	0	0	0	0	0	0	0	0	0	0	0	16.3	0	0	0	0	0	0	0	0	0	0	0	0	0	0	0	0	0	0	0	0	0	0	0	0	0	0	0	0	0	0	0	0	0	0	
22/03/2022 11:46:00	0	0	8	15.23	15.25	0	3402	260	4.039	4.0397	16.3	0	False	-4.245	-4.251667	-4.241667	4.25	2.1172	0.3048	4.082	4.082	-1	-0.034	4.039	0	0	0	0	0	0	0	0	0	0	0	0	0	0	0	16.3	0	0	0	0	0	0	0	0	0	0	0	0	0	0	0	0	0	0	0	0	0	0	0	0	0	0	0	0	0	0	0	0	0	0	
22/03/2022 11:46:10	0	0	8	15.23	15.25	0	3404	270	4.037	4.0379	16.3	0	False	-4.245	-4.248333	-4.22	4.25	2.1172	0.3166	4.071	4.082	-1	-0.034	4.037	0	0	0	0	0	0	0	0	0	0	0	0	0	0	0	16.3	0	0	0	0	0	0	0	0	0	0	0	0	0	0	0	0	0	0	0	0	0	0	0	0	0	0	0	0	0	0	0	0	0	0	
22/03/2022 11:46:20	0	0	8	15.23	15.25	0	3414	280	4.036	4.0363	16.3	0	False	-4.246666	-4.241667	-4.241667	4.25	2.1172	0.3284	4.071	4.082	-1	-0.034	4.036	0	0	0	0	0	0	0	0	0	0	0	0	0	0	0	16.3	0	0	0	0	0	0	0	0	0	0	0	0	0	0	0	0	0	0	0	0	0	0	0	0	0	0	0	0	0	0	0	0	0	0	
22/03/2022 11:46:30	0	0	8	15.23	15.25	0	3408	290	4.034	4.0348	16.3	0	False	-4.245	-4.243333	-4.253334	4.25	2.1172	0.3402	4.071	4.08	-1	-0.034	4.034	0	0	0	0	0	0	0	0	0	0	0	0	0	0	0	16.3	0	0	0	0	0	0	0	0	0	0	0	0	0	0	0	0	0	0	0	0	0	0	0	0	0	0	0	0	0	0	0	0	0	0	
22/03/2022 11:46:40	0	0	8	15.23	15.25	0	3402	300	4.033	4.0335	16.3	0	False	-4.248333	-4.253334	-4.253334	4.25	2.1172	0.352	4.071	4.075	-1	-0.034	4.033	0	0	0	0	0	0	0	0	0	0	0	0	0	0	0	16.3	0	0	0	0	0	0	0	0	0	0	0	0	0	0	0	0	0	0	0	0	0	0	0	0	0	0	0	0	0	0	0	0	0	0	
22/03/2022 11:46:50	0	0	8	15.23	15.25	0	3396	310	4.032	4.0322	16.3	0	False	-4.248333	-4.253334	-4.253334	4.25	2.1172	0.3638	4.071	4.071	-1	-0.046	4.032	0	0	0	0	0	0	0	0	0	0	0	0	0	0	0	16.3	0	0	0	0	0	0	0	0	0	0	0	0	0	0	0	0	0	0	0	0	0	0	0	0	0	0	0	0	0	0	0	0	0	0	
22/03/2022 11:47:00	0	0	8	15.23	15.25	0	3402	320	4.03	4.031	16.3	0	False	-4.246666	-4.246666	-4.241667	4.25	2.1172	0.3756	4.071	4.071	-1	-0.046	4.03	0	0	0	0	0	0	0	0	0	0	0	0	0	0	0	16.3	0	0	0	0	0	0	0	0	0	0	0	0	0	0	0	0	0	0	0	0	0	0	0	0	0	0	0	0	0	0	0	0	0	0	
22/03/2022 11:47:10	0	0	8	15.23	15.25	0	3400	330	4.029	4.0297	16.3	0	False	-4.253334	-4.255	-4.22	4.25	2.1172	0.3874	4.06	4.071	-1	-0.046	4.029	0	0	0	0	0	0	0	0	0	0	0	0	0	0	0	16.3	0	0	0	0	0	0	0	0	0	0	0	0	0	0	0	0	0	0	0	0	0	0	0	0	0	0	0	0	0	0	0	0	0	0	
22/03/2022 11:47:20	0	0	8	15.23	15.25	0	3406	340	4.028	4.0285	16.3	0	False	-4.251667	-4.243333	-4.236667	4.25	2.1172	0.3993	4.071	4.071	-1	-0.034	4.028	0	0	0	0	0	0	0	0	0	0	0	0	0	0	0	16.3	0	0	0	0	0	0	0	0	0	0	0	0	0	0	0	0	0	0	0	0	0	0	0	0	0	0	0	0	0	0	0	0	0	0	
22/03/2022 11:47:30	0	0	8	15.23	15.25	0	3404	350	4.027	4.0272	16.3	0	False	-4.253334	-4.25	-4.231667	4.25	2.1172	0.4111	4.071	4.071	-1	-0.046	4.027	0	0	0	0	0	0	0	0	0	0	0	0	0	0	0	16.3	0	0	0	0	0	0	0	0	0	0	0	0	0	0	0	0	0	0	0	0	0	0	0	0	0	0	0	0	0	0	0	0	0	0	
22/03/2022 11:47:40	0	0	8	15.23	15.25	0	3398	358	4.026	4.0268	16.3	0	False	-4.25	-4.253334	-4.253334	4.25	2.1172	0.4205	4.06	4.071	-1	-0.034	4.026	0	0	0	0	0	0	0	0	0	0	0	0	0	0	0	16.3	0	0	0	0	0	0	0	0	0	0	0	0	0	0	0	0	0	0	0	0	0	0	0	0	0	0	0	0	0	0	0	0	0	0	
22/03/2022 11:47:50	0	0	8	15.23	15.25	0	3404	370	4.024	4.0247	16.3	0	False	-4.25	-4.243333	-4.265	4.25	2.1172	0.4347	4.06	4.071	-1	-0.046	4.024	0	0	0	0	0	0	0	0	0	0	0	0	0	0	0	16.3	0	0	0	0	0	0	0	0	0	0	0	0	0	0	0	0	0	0	0	0	0	0	0	0	0	0	0	0	0	0	0	0	0	0	
22/03/2022 11:48:00	0	0	8	15.23	15.25	0	3402	380	4.023	4.0235	16.3	0	False	-4.248333	-4.248333	-4.246666	4.25	2.1172	0.4465	4.06	4.067	-1	-0.034	4.023	0	0	0	0	0	0	0	0	0	0	0	0	0	0	0	16.3	0	0	0	0	0	0	0	0	0	0	0	0	0	0	0	0	0	0	0	0	0	0	0	0	0	0	0	0	0	0	0	0	0	0	
22/03/2022 11:48:10	0	0	8	15.23	15.25	0	3396	390	4.022	4.0222	16.3	0	False	-4.245	-4.253334	-4.263333	4.25	2.1172	0.4583	4.048	4.06	-1	-0.034	4.022	0	0	0	0	0	0	0	0	0	0	0	0	0	0	0	16.3	0	0	0	0	0	0	0	0	0	0	0	0	0	0	0	0	0	0	0	0	0	0	0	0	0	0	0	0	0	0	0	0	0	0	
22/03/2022 11:48:20	0	0	8	15.23	15.25	0	3406	400	4.021	4.0211	16.3	0	False	-4.25	-4.251667	-4.276667	4.25	2.1172	0.4701	4.06	4.06	-1	-0.046	4.021	0	0	0	0	0	0	0	0	0	0	0	0	0	0	0	16.3	0	0	0	0	0	0	0	0	0	0	0	0	0	0	0	0	0	0	0	0	0	0	0	0	0	0	0	0	0	0	0	0	0	0	
22/03/2022 11:48:30	0	0	8	15.23	15.25	0	3404	409	4.019	4.0197	16.3	0	False	-4.251667	-4.253334	-4.258333	4.25	2.1172	0.4819	4.06	4.06	-1	-0.046	4.019	0	0	0	0	0	0	0	0	0	0	0	0	0	0	0	16.3	0	0	0	0	0	0	0	0	0	0	0	0	0	0	0	0	0	0	0	0	0	0	0	0	0	0	0	0	0	0	0	0	0	0	
22/03/2022 11:48:40	0	0	8	15.23	15.25	0	3410	419	4.018	4.0185	16.3	0	False	-4.248333	-4.246666	-4.22	4.25	2.1172	0.4925	4.048	4.06	-1	-0.034	4.018	0	0	0	0	0	0	0	0	0	0	0	0	0	0	0	16.3	0	0	0	0	0	0	0	0	0	0	0	0	0	0	0	0	0	0	0	0	0	0	0	0	0	0	0	0	0	0	0	0	0	0	
22/03/2022 11:48:50	0	0	8	15.23	15.25	0	3400	429	4.017	4.0172	16.3	0	False	-4.245	-4.253334	-4.246666	4.25	2.1172	0.5043	4.06	4.06	-1	-0.034	4.017	0	0	0	0	0	0	0	0	0	0	0	0	0	0	0	16.3	0	0	0	0	0	0	0	0	0	0	0	0	0	0	0	0	0	0	0	0	0	0	0	0	0	0	0	0	0	0	0	0	0	0	
22/03/2022 11:49:00	0	0	8	15.23	15.25	0	3402	439	4.015	4.016	16.3	0	False	-4.246666	-4.246666	-4.236667	4.25	2.1172	0.516	4.048	4.06	-1	-0.046	4.015	0	0	0	0	0	0	0	0	0	0	0	0	0	0	0	16.3	0	0	0	0	0	0	0	0	0	0	0	0	0	0	0	0	0	0	0	0	0	0	0	0	0	0	0	0	0	0	0	0	0	0	
22/03/2022 11:49:10	0	0	8	15.23	15.25	0	3404	449	4.014	4.0147	16.3	0	False	-4.248333	-4.246666	-4.258333	4.25	2.1172	0.5278	4.048	4.06	-1	-0.034	4.014	0	0	0	0	0	0	0	0	0	0	0	0	0	0	0	16.3	0	0	0	0	0	0	0	0	0	0	0	0	0	0	0	0	0	0	0	0	0	0	0	0	0	0	0	0	0	0	0	0	0	0	
22/03/2022 11:49:20	0	0	8	15.22	15.25	0	3402	459	4.013	4.0135	16.3	0	False	-4.245	-4.248333	-4.241667	4.25	2.1172	0.5396	4.048	4.06	-1	-0.034	4.013	0	0	0	0	0	0	0	0	0	0	0	0	0	0	0	16.3	0	0	0	0	0	0	0	0	0	0	0	0	0	0	0	0	0	0	0	0	0	0	0	0	0	0	0	0	0	0	0	0	0	0	
22/03/2022 11:49:30	0	0	8	15.23	15.25	0	3404	469	4.012	4.0122	16.3	0	False	-4.248333	-4.245	-4.236667	4.25	2.1172	0.5514	4.048	4.057	-1	-0.034	4.012	0	0	0	0	0	0	0	0	0	0	0	0	0	0	0	16.3	0	0	0	0	0	0	0	0	0	0	0	0	0	0	0	0	0	0	0	0	0	0	0	0	0	0	0	0	0	0	0	0	0	0	
22/03/2022 11:49:40	0	0	8	15.23	15.25	0	3402	479	4.01	4.011	16.3	0	False	-4.248333	-4.251667	-4.236667	4.25	2.1172	0.5632	4.037	4.048	-1	-0.046	4.01	0	0	0	0	0	0	0	0	0	0	0	0	0	0	0	16.3	0	0	0	0	0	0	0	0	0	0	0	0	0	0	0	0	0	0	0	0	0	0	0	0	0	0	0	0	0	0	0	0	0	0	
22/03/2022 11:49:50	0	0	8	15.23	15.25	0	3408	489	4.009	4.0097	16.3	0	False	-4.25	-4.241667	-4.236667	4.25	2.1172	0.575	4.048	4.048	-1	-0.046	4.009	0	0	0	0	0	0	0	0	0	0	0	0	0	0	0	16.3	0	0	0	0	0	0	0	0	0	0	0	0	0	0	0	0	0	0	0	0	0	0	0	0	0	0	0	0	0	0	0	0	0	0	
22/03/2022 11:50:00	0	0	8	15.23	15.25	0	3406	499	4.008	4.0082	16.3	0	False	-4.245	-4.248333	-4.265	4.25	2.1172	0.5868	4.037	4.048	-1	-0.046	4.008	0	0	0	0	0	0	0	0	0	0	0	0	0	0	0	16.3	0	0	0	0	0	0	0	0	0	0	0	0	0	0	0	0	0	0	0	0	0	0	0	0	0	0	0	0	0	0	0	0	0	0	
22/03/2022 11:50:10	0	0	8	15.23	15.25	0	3408	509	4.006	4.0067	16.3	0	False	-4.246666	-4.248333	-4.236667	4.25	2.1172	0.5986	4.048	4.048	-1	-0.046	4.006	0	0	0	0	0	0	0	0	0	0	0	0	0	0	0	16.3	0	0	0	0	0	0	0	0	0	0	0	0	0	0	0	0	0	0	0	0	0	0	0	0	0	0	0	0	0	0	0	0	0	0	
22/03/2022 11:50:20	0	0	8	15.23	15.25	0	3402	519	4.004	4.0047	16.3	0	False	-4.25	-4.248333	-4.235	4.25	2.1172	0.6104	4.037	4.048	-1	-0.034	4.004	0	0	0	0	0	0	0	0	0	0	0	0	0	0	0	16.3	0	0	0	0	0	0	0	0	0	0	0	0	0	0	0	0	0	0	0	0	0	0	0	0	0	0	0	0	0	0	0	0	0	0	
22/03/2022 11:50:30	0	0	8	15.23	15.25	0	3408	529	4.002	4.0032	16.3	0	False	-4.25	-4.246666	-4.276667	4.25	2.1172	0.6222	4.037	4.048	-1	-0.034	4.002	0	0	0	0	0	0	0	0	0	0	0	0	0	0	0	16.3	0	0	0	0	0	0	0	0	0	0	0	0	0	0	0	0	0	0	0	0	0	0	0	0	0	0	0	0	0	0	0	0	0	0	
22/03/2022 11:50:40	0	0	8	15.23	15.25	0	3402	536	4.001	4.0021	16.3	0	False	-4.25	-4.248333	-4.236667	4.25	2.1172	0.6305	4.037	4.045	-1	-0.034	4.001	0	0	0	0	0	0	0	0	0	0	0	0	0	0	0	16.3	0	0	0	0	0	0	0	0	0	0	0	0	0	0	0	0	0	0	0	0	0	0	0	0	0	0	0	0	0	0	0	0	0	0	
22/03/2022 11:50:50	0	0	8	15.23	15.25	0	3404	549	3.999	3.9997	16.3	0	False	-4.25	-4.246666	-4.22	4.25	2.1172	0.6458	4.037	4.037	-1	-0.023	3.999	0	0	0	0	0	0	0	0	0	0	0	0	0	0	0	16.3	0	0	0	0	0	0	0	0	0	0	0	0	0	0	0	0	0	0	0	0	0	0	0	0	0	0	0	0	0	0	0	0	0	0	
22/03/2022 11:51:00	0	0	8	15.23	15.25	0	3410	559	3.997	3.9972	16.3	0	False	-4.248333	-4.245	-4.22	4.25	2.1172	0.6576	4.037	4.037	-1	-0.034	3.997	0	0	0	0	0	0	0	0	0	0	0	0	0	0	0	16.3	0	0	0	0	0	0	0	0	0	0	0	0	0	0	0	0	0	0	0	0	0	0	0	0	0	0	0	0	0	0	0	0	0	0	
22/03/2022 11:51:10	0	0	8	15.23	15.25	0	3400	569	3.995	3.9955	16.3	0	False	-4.251667	-4.255	-4.258333	4.25	2.1172	0.6694	4.037	4.037	-1	-0.046	3.995	0	0	0	0	0	0	0	0	0	0	0	0	0	0	0	16.3	0	0	0	0	0	0	0	0	0	0	0	0	0	0	0	0	0	0	0	0	0	0	0	0	0	0	0	0	0	0	0	0	0	0	
22/03/2022 11:51:20	0	0	8	15.23	15.25	0	3410	579	3.992	3.993	16.3	0	False	-4.246666	-4.245	-4.236667	4.25	2.1172	0.6812	4.037	4.036	-1	-0.023	3.992	0	0	0	0	0	0	0	0	0	0	0	0	0	0	0	16.3	0	0	0	0	0	0	0	0	0	0	0	0	0	0	0	0	0	0	0	0	0	0	0	0	0	0	0	0	0	0	0	0	0	0	
22/03/2022 11:51:30	0	0	8	15.23	15.25	0	3404	589	3.99	3.991	16.3	0	False	-4.25	-4.251667	-4.258333	4.25	2.1172	0.693	4.014	4.034	-1	-0.034	3.99	0	0	0	0	0	0	0	0	0	0	0	0	0	0	0	16.3	0	0	0	0	0	0	0	0	0	0	0	0	0	0	0	0	0	0	0	0	0	0	0	0	0	0	0	0	0	0	0	0	0	0	
22/03/2022 11:51:40	0	0	8	15.23	15.25	0	3398	599	3.988	3.9885	16.3	0	False	-4.248333	-4.25	-4.253334	4.25	2.1172	0.7048	4.025	4.025	-1	-0.034	3.988	0	0	0	0	0	0	0	0	0	0	0	0	0	0	0	16.3	0	0	0	0	0	0	0	0	0	0	0	0	0	0	0	0	0	0	0	0	0	0	0	0	0	0	0	0	0	0	0	0	0	0	
22/03/2022 11:51:50	0	0	8	15.23	15.25	0	3404	608	3.985	3.9858	16.3	0	False	-4.25	-4.248333	-4.253334	4.25	2.1172	0.7166	4.014	4.025	-1	-0.046	3.985	0	0	0	0	0	0	0	0	0	0	0	0	0	0	0	16.3	0	0	0	0	0	0	0	0	0	0	0	0	0	0	0	0	0	0	0	0	0	0	0	0	0	0	0	0	0	0	0	0	0	0	
22/03/2022 11:52:00	0	0	8	15.23	15.25	0	3406	618	3.982	3.983	16.3	0	False	-4.25	-4.245	-4.241667	4.25	2.1172	0.7272	4.025	4.025	-1	-0.034	3.982	0	0	0	0	0	0	0	0	0	0	0	0	0	0	0	16.3	0	0	0	0	0	0	0	0	0	0	0	0	0	0	0	0	0	0	0	0	0	0	0	0	0	0	0	0	0	0	0	0	0	0	
22/03/2022 11:52:10	0	0	8	15.23	15.25	0	3396	628	3.98	3.9805	16.3	0	False	-4.25	-4.255	-4.265	4.25	2.1172	0.739	4.014	4.024	-1	-0.034	3.98	0	0	0	0	0	0	0	0	0	0	0	0	0	0	0	16.3	0	0	0	0	0	0	0	0	0	0	0	0	0	0	0	0	0	0	0	0	0	0	0	0	0	0	0	0	0	0	0	0	0	0	
22/03/2022 11:52:20	0	0	8	15.23	15.25	0	3406	638	3.977	3.9772	16.3	0	False	-4.246666	-4.248333	-4.253334	4.25	2.1172	0.7508	4.002	4.014	-1	-0.034	3.977	0	0	0	0	0	0	0	0	0	0	0	0	0	0	0	16.3	0	0	0	0	0	0	0	0	0	0	0	0	0	0	0	0	0	0	0	0	0	0	0	0	0	0	0	0	0	0	0	0	0	0	
22/03/2022 11:52:30	0	0	8	15.23	15.25	0	3408	648	3.974	3.9746	16.3	0	False	-4.251667	-4.248333	-4.241667	4.25	2.1172	0.7626	4.014	4.014	-1	-0.046	3.974	0	0	0	0	0	0	0	0	0	0	0	0	0	0	0	16.3	0	0	0	0	0	0	0	0	0	0	0	0	0	0	0	0	0	0	0	0	0	0	0	0	0	0	0	0	0	0	0	0	0	0	
22/03/2022 11:52:40	0	0	8	15.23	15.25	0	3402	658	3.97	3.971	16.3	0	False	-4.248333	-4.246666	-4.241667	4.25	2.1172	0.7744	4.002	4.014	-1	-0.034	3.97	0	0	0	0	0	0	0	0	0	0	0	0	0	0	0	16.3	0	0	0	0	0	0	0	0	0	0	0	0	0	0	0	0	0	0	0	0	0	0	0	0	0	0	0	0	0	0	0	0	0	0	
22/03/2022 11:52:50	0	0	8	15.23	15.25	0	3396	668	3.968	3.9684	16.3	0	False	-4.248333	-4.25	-4.253334	4.25	2.1172	0.7862	4.002	4.012	-1	-0.034	3.968	0	0	0	0	0	0	0	0	0	0	0	0	0	0	0	16.3	0	0	0	0	0	0	0	0	0	0	0	0	0	0	0	0	0	0	0	0	0	0	0	0	0	0	0	0	0	0	0	0	0	0	
22/03/2022 11:53:00	0	0	8	15.23	15.25	0	3410	677	3.964	3.9647	16.3	0	False	-4.246666	-4.245	-4.236667	4.25	2.1172	0.7968	3.991	4.002	-1	-0.046	3.964	0	0	0	0	0	0	0	0	0	0	0	0	0	0	0	16.3	0	0	0	0	0	0	0	0	0	0	0	0	0	0	0	0	0	0	0	0	0	0	0	0	0	0	0	0	0	0	0	0	0	0	
22/03/2022 11:53:10	0	0	8	15.23	15.25	0	3400	688	3.961	3.9612	16.3	0	False	-4.246666	-4.251667	-4.236667	4.25	2.1172	0.8098	3.991	4.002	-1	-0.034	3.961	0	0	0	0	0	0	0	0	0	0	0	0	0	0	0	16.3	0	0	0	0	0	0	0	0	0	0	0	0	0	0	0	0	0	0	0	0	0	0	0	0	0	0	0	0	0	0	0	0	0	0	
22/03/2022 11:53:20	0	0	8	15.23	15.25	0	3402	698	3.957	3.9582	16.3	0	False	-4.246666	-4.25	-4.265	4.25	2.1172	0.8216	3.991	4.002	-1	-0.034	3.957	0	0	0	0	0	0	0	0	0	0	0	0	0	0	0	16.3	0	0	0	0	0	0	0	0	0	0	0	0	0	0	0	0	0	0	0	0	0	0	0	0	0	0	0	0	0	0	0	0	0	0	
22/03/2022 11:53:30	0	0	8	15.23	15.25	0	3404	708	3.954	3.9547	16.3	0	False	-4.248333	-4.248333	-4.236667	4.25	2.1172	0.8334	3.991	3.994	-1	-0.034	3.954	0	0	0	0	0	0	0	0	0	0	0	0	0	0	0	16.3	0	0	0	0	0	0	0	0	0	0	0	0	0	0	0	0	0	0	0	0	0	0	0	0	0	0	0	0	0	0	0	0	0	0	
22/03/2022 11:53:40	0	0	8	15.23	15.25	0	3406	718	3.95	3.951	16.3	0	False	-4.25	-4.245	-4.236667	4.25	2.1172	0.8452	3.991	3.991	-1	-0.034	3.95	0	0	0	0	0	0	0	0	0	0	0	0	0	0	0	16.3	0	0	0	0	0	0	0	0	0	0	0	0	0	0	0	0	0	0	0	0	0	0	0	0	0	0	0	0	0	0	0	0	0	0	
22/03/2022 11:53:50	0	0	8	15.23	15.25	0	3404	728	3.947	3.9472	16.3	0	False	-4.246666	-4.248333	-4.258333	4.25	2.1172	0.8571	3.979	3.989	-1	-0.034	3.947	0	0	0	0	0	0	0	0	0	0	0	0	0	0	0	16.3	0	0	0	0	0	0	0	0	0	0	0	0	0	0	0	0	0	0	0	0	0	0	0	0	0	0	0	0	0	0	0	0	0	0	
22/03/2022 11:54:00	0	0	8	15.23	15.25	0	3406	738	3.942	3.9422	16.3	0	False	-4.248333	-4.243333	-4.241667	4.25	2.1172	0.8688	3.979	3.979	-1	-0.046	3.942	0	0	0	0	0	0	0	0	0	0	0	0	0	0	0	16.3	0	0	0	0	0	0	0	0	0	0	0	0	0	0	0	0	0	0	0	0	0	0	0	0	0	0	0	0	0	0	0	0	0	0	
22/03/2022 11:54:10	0	0	8	15.23	15.25	0	3400	748	3.938	3.9385	16.3	0	False	-4.251667	-4.25	-4.236667	4.25	2.1172	0.8806	3.968	3.979	-1	-0.034	3.938	0	0	0	0	0	0	0	0	0	0	0	0	0	0	0	16.3	0	0	0	0	0	0	0	0	0	0	0	0	0	0	0	0	0	0	0	0	0	0	0	0	0	0	0	0	0	0	0	0	0	0	
22/03/2022 11:54:20	0	0	8	15.23	15.25	0	3400	758	3.934	3.9347	16.3	0	False	-4.25	-4.25	-4.22	4.25	2.1172	0.8924	3.968	3.979	-1	-0.034	3.934	0	0	0	0	0	0	0	0	0	0	0	0	0	0	0	16.3	0	0	0	0	0	0	0	0	0	0	0	0	0	0	0	0	0	0	0	0	0	0	0	0	0	0	0	0	0	0	0	0	0	0	
22/03/2022 11:54:30	0	0	8	15.23	15.25	0	3402	768	3.93	3.931	16.3	0	False	-4.248333	-4.245	-4.236667	4.25	2.1172	0.9042	3.968	3.968	-1	-0.046	3.93	0	0	0	0	0	0	0	0	0	0	0	0	0	0	0	16.3	0	0	0	0	0	0	0	0	0	0	0	0	0	0	0	0	0	0	0	0	0	0	0	0	0	0	0	0	0	0	0	0	0	0	
22/03/2022 11:54:40	0	0	8	15.23	15.25	0	3414	778	3.927	3.9272	16.3	0	False	-4.25	-4.246666	-4.241667	4.25	2.1172	0.916	3.968	3.968	-1	-0.046	3.927	0	0	0	0	0	0	0	0	0	0	0	0	0	0	0	16.3	0	0	0	0	0	0	0	0	0	0	0	0	0	0	0	0	0	0	0	0	0	0	0	0	0	0	0	0	0	0	0	0	0	0	
22/03/2022 11:54:50	0	0	8	15.23	15.25	0	3406	788	3.923	3.9235	16.3	0	False	-4.245	-4.243333	-4.241667	4.25	2.1172	0.9278	3.956	3.968	-1	-0.034	3.923	0	0	0	0	0	0	0	0	0	0	0	0	0	0	0	16.3	0	0	0	0	0	0	0	0	0	0	0	0	0	0	0	0	0	0	0	0	0	0	0	0	0	0	0	0	0	0	0	0	0	0	
22/03/2022 11:55:00	0	0	8	15.23	15.25	0	3400	798	3.919	3.9197	16.3	0	False	-4.25	-4.251667	-4.265	4.25	2.1172	0.9396	3.945	3.956	-1	-0.034	3.919	0	0	0	0	0	0	0	0	0	0	0	0	0	0	0	16.3	0	0	0	0	0	0	0	0	0	0	0	0	0	0	0	0	0	0	0	0	0	0	0	0	0	0	0	0	0	0	0	0	0	0	
22/03/2022 11:55:10	0	0	8	15.23	15.25	0	3398	807	3.915	3.916	16.3	0	False	-4.243333	-4.25	-4.208333	4.25	2.1172	0.9502	3.945	3.956	-1	-0.046	3.915	0	0	0	0	0	0	0	0	0	0	0	0	0	0	0	16.3	0	0	0	0	0	0	0	0	0	0	0	0	0	0	0	0	0	0	0	0	0	0	0	0	0	0	0	0	0	0	0	0	0	0	
22/03/2022 11:55:20	0	0	8	15.22	15.25	0	3412	817	3.912	3.9122	16.3	0	False	-4.243333	-4.24	-4.236667	4.25	2.1172	0.962	3.945	3.956	-1	-0.034	3.912	0	0	0	0	0	0	0	0	0	0	0	0	0	0	0	16.3	0	0	0	0	0	0	0	0	0	0	0	0	0	0	0	0	0	0	0	0	0	0	0	0	0	0	0	0	0	0	0	0	0	0	
22/03/2022 11:55:30	0	0	8	15.23	15.25	0	3414	827	3.908	3.9085	16.3	0	False	-4.246666	-4.243333	-4.241667	4.25	2.1172	0.9738	3.945	3.945	-1	-0.034	3.908	0	0	0	0	0	0	0	0	0	0	0	0	0	0	0	16.3	0	0	0	0	0	0	0	0	0	0	0	0	0	0	0	0	0	0	0	0	0	0	0	0	0	0	0	0	0	0	0	0	0	0	
22/03/2022 11:55:40	0	0	8	15.23	15.25	0	3404	837	3.904	3.9052	16.3	0	False	-4.248333	-4.248333	-4.22	4.25	2.1172	0.9856	3.933	3.945	-1	-0.034	3.904	0	0	0	0	0	0	0	0	0	0	0	0	0	0	0	16.3	0	0	0	0	0	0	0	0	0	0	0	0	0	0	0	0	0	0	0	0	0	0	0	0	0	0	0	0	0	0	0	0	0	0	
22/03/2022 11:55:50	0	0	8	15.23	15.25	0	3402	847	3.901	3.9019	16.3	0	False	-4.245	-4.248333	-4.258333	4.25	2.1172	0.9974	3.933	3.944	-1	-0.034	3.901	0	0	0	0	0	0	0	0	0	0	0	0	0	0	0	16.3	0	0	0	0	0	0	0	0	0	0	0	0	0	0	0	0	0	0	0	0	0	0	0	0	0	0	0	0	0	0	0	0	0	0	
22/03/2022 11:56:00	0	0	8	15.23	15.25	0	3400	857	3.898	3.8985	16.3	0	False	-4.251667	-4.253334	-4.253334	4.25	2.1172	1.0092	3.933	3.933	-1	-0.034	3.898	0	0	0	0	0	0	0	0	0	0	0	0	0	0	0	16.3	0	0	0	0	0	0	0	0	0	0	0	0	0	0	0	0	0	0	0	0	0	0	0	0	0	0	0	0	0	0	0	0	0	0	
22/03/2022 11:56:10	0	0	8	15.23	15.25	0	3406	867	3.894	3.8947	16.3	0	False	-4.246666	-4.248333	-4.265	4.25	2.1172	1.021	3.922	3.933	-1	-0.034	3.894	0	0	0	0	0	0	0	0	0	0	0	0	0	0	0	16.3	0	0	0	0	0	0	0	0	0	0	0	0	0	0	0	0	0	0	0	0	0	0	0	0	0	0	0	0	0	0	0	0	0	0	
22/03/2022 11:56:20	0	0	8	15.23	15.25	0	3416	875	3.892	3.8922	16.3	0	False	-4.246666	-4.24	-4.236667	4.25	2.1172	1.0305	3.922	3.933	-1	-0.034	3.892	0	0	0	0	0	0	0	0	0	0	0	0	0	0	0	16.3	0	0	0	0	0	0	0	0	0	0	0	0	0	0	0	0	0	0	0	0	0	0	0	0	0	0	0	0	0	0	0	0	0	0	
22/03/2022 11:56:30	0	0	8	15.23	15.25	0	3406	887	3.888	3.8883	16.3	0	False	-4.25	-4.251667	-4.235	4.25	2.1172	1.0446	3.922	3.929	-1	-0.023	3.888	0	0	0	0	0	0	0	0	0	0	0	0	0	0	0	16.3	0	0	0	0	0	0	0	0	0	0	0	0	0	0	0	0	0	0	0	0	0	0	0	0	0	0	0	0	0	0	0	0	0	0	
22/03/2022 11:56:40	0	0	8	15.23	15.25	0	3400	897	3.884	3.8847	16.3	0	False	-4.251667	-4.251667	-4.241667	4.25	2.1172	1.0565	3.922	3.922	-1	-0.034	3.884	0	0	0	0	0	0	0	0	0	0	0	0	0	0	0	16.3	0	0	0	0	0	0	0	0	0	0	0	0	0	0	0	0	0	0	0	0	0	0	0	0	0	0	0	0	0	0	0	0	0	0	
22/03/2022 11:56:50	0	0	8	15.23	15.25	0	3406	907	3.881	3.8818	16.3	0	False	-4.25	-4.246666	-4.215	4.25	2.1172	1.0683	3.91	3.922	-1	-0.034	3.881	0	0	0	0	0	0	0	0	0	0	0	0	0	0	0	16.3	0	0	0	0	0	0	0	0	0	0	0	0	0	0	0	0	0	0	0	0	0	0	0	0	0	0	0	0	0	0	0	0	0	0	
22/03/2022 11:57:00	0	0	8	15.23	15.25	0	3400	917	3.878	3.8784	16.3	0	False	-4.248333	-4.248333	-4.231667	4.25	2.1172	1.0801	3.91	3.922	-1	-0.034	3.878	0	0	0	0	0	0	0	0	0	0	0	0	0	0	0	16.3	0	0	0	0	0	0	0	0	0	0	0	0	0	0	0	0	0	0	0	0	0	0	0	0	0	0	0	0	0	0	0	0	0	0	
22/03/2022 11:57:10	0	0	8	15.23	15.25	0	3402	927	3.875	3.8759	16.3	0	False	-4.248333	-4.251667	-4.253334	4.25	2.1172	1.0919	3.91	3.912	-1	-0.034	3.875	0	0	0	0	0	0	0	0	0	0	0	0	0	0	0	16.3	0	0	0	0	0	0	0	0	0	0	0	0	0	0	0	0	0	0	0	0	0	0	0	0	0	0	0	0	0	0	0	0	0	0	
22/03/2022 11:57:20	0	0	8	15.23	15.25	0	3408	937	3.872	3.8724	16.3	0	False	-4.248333	-4.241667	-4.241667	4.25	2.1172	1.1037	3.91	3.91	-1	-0.046	3.872	0	0	0	0	0	0	0	0	0	0	0	0	0	0	0	16.3	0	0	0	0	0	0	0	0	0	0	0	0	0	0	0	0	0	0	0	0	0	0	0	0	0	0	0	0	0	0	0	0	0	0	
22/03/2022 11:57:30	0	0	8	15.23	15.25	0	3398	947	3.869	3.8697	16.3	0	False	-4.248333	-4.253334	-4.263333	4.25	2.1172	1.1155	3.91	3.91	-1	-0.034	3.869	0	0	0	0	0	0	0	0	0	0	0	0	0	0	0	16.3	0	0	0	0	0	0	0	0	0	0	0	0	0	0	0	0	0	0	0	0	0	0	0	0	0	0	0	0	0	0	0	0	0	0	
22/03/2022 11:57:40	0	0	8	15.23	15.25	0	3412	957	3.866	3.8671	16.3	0	False	-4.248333	-4.248333	-4.263333	4.25	2.1172	1.1273	3.899	3.91	-1	-0.034	3.866	0	0	0	0	0	0	0	0	0	0	0	0	0	0	0	16.3	0	0	0	0	0	0	0	0	0	0	0	0	0	0	0	0	0	0	0	0	0	0	0	0	0	0	0	0	0	0	0	0	0	0	
22/03/2022 11:57:50	0	0	8	15.23	15.25	0	3406	967	3.863	3.8636	16.3	0	False	-4.243333	-4.243333	-4.263333	4.25	2.1172	1.1391	3.899	3.9	-1	-0.034	3.863	0	0	0	0	0	0	0	0	0	0	0	0	0	0	0	16.3	0	0	0	0	0	0	0	0	0	0	0	0	0	0	0	0	0	0	0	0	0	0	0	0	0	0	0	0	0	0	0	0	0	0	
22/03/2022 11:58:00	0	0	8	15.23	15.25	0	3400	977	3.86	3.8609	16.3	0	False	-4.246666	-4.248333	-4.253334	4.25	2.1172	1.1509	3.888	3.899	-1	-0.046	3.86	0	0	0	0	0	0	0	0	0	0	0	0	0	0	0	16.3	0	0	0	0	0	0	0	0	0	0	0	0	0	0	0	0	0	0	0	0	0	0	0	0	0	0	0	0	0	0	0	0	0	0	
22/03/2022 11:58:10	0	0	8	15.23	15.25	0	3402	987	3.858	3.8584	16.3	0	False	-4.248333	-4.248333	-4.241667	4.25	2.1172	1.1627	3.888	3.899	-1	-0.034	3.858	0	0	0	0	0	0	0	0	0	0	0	0	0	0	0	16.3	0	0	0	0	0	0	0	0	0	0	0	0	0	0	0	0	0	0	0	0	0	0	0	0	0	0	0	0	0	0	0	0	0	0	
22/03/2022 11:58:20	0	0	8	15.23	15.25	0	3412	996	3.855	3.8559	16.3	0	False	-4.246666	-4.25	-4.241667	4.25	2.1172	1.1745	3.888	3.899	-1	-0.034	3.855	0	0	0	0	0	0	0	0	0	0	0	0	0	0	0	16.3	0	0	0	0	0	0	0	0	0	0	0	0	0	0	0	0	0	0	0	0	0	0	0	0	0	0	0	0	0	0	0	0	0	0	
22/03/2022 11:58:30	0	0	8	15.23	15.25	0	3414	1006	3.853	3.8534	16.3	0	False	-4.246666	-4.245	-4.241667	4.25	2.1172	1.1851	3.888	3.889	-1	-0.034	3.853	0	0	0	0	0	0	0	0	0	0	0	0	0	0	0	16.3	0	0	0	0	0	0	0	0	0	0	0	0	0	0	0	0	0	0	0	0	0	0	0	0	0	0	0	0	0	0	0	0	0	0	
22/03/2022 11:58:40	0	0	8	15.23	15.25	0	3408	1016	3.85	3.8509	16.3	0	False	-4.248333	-4.246666	-4.253334	4.25	2.1172	1.1969	3.876	3.888	-1	-0.034	3.85	0	0	0	0	0	0	0	0	0	0	0	0	0	0	0	16.3	0	0	0	0	0	0	0	0	0	0	0	0	0	0	0	0	0	0	0	0	0	0	0	0	0	0	0	0	0	0	0	0	0	0	
22/03/2022 11:58:50	0	0	8	15.23	15.25	0	3406	1026	3.848	3.8484	16.3	0	False	-4.248333	-4.243333	-4.231667	4.25	2.1172	1.2087	3.876	3.888	-1	-0.034	3.848	0	0	0	0	0	0	0	0	0	0	0	0	0	0	0	16.3	0	0	0	0	0	0	0	0	0	0	0	0	0	0	0	0	0	0	0	0	0	0	0	0	0	0	0	0	0	0	0	0	0	0	
22/03/2022 11:59:00	0	0	8	15.23	15.25	0	3404	1036	3.845	3.846	16.3	0	False	-4.25	-4.25	-4.258333	4.25	2.1172	1.2205	3.876	3.888	-1	-0.034	3.845	0	0	0	0	0	0	0	0	0	0	0	0	0	0	0	16.3	0	0	0	0	0	0	0	0	0	0	0	0	0	0	0	0	0	0	0	0	0	0	0	0	0	0	0	0	0	0	0	0	0	0	
22/03/2022 11:59:10	0	0	8	15.23	15.25	0	3406	1046	3.844	3.8443	16.3	0	False	-4.246666	-4.243333	-4.265	4.25	2.1172	1.2322	3.876	3.886	-1	-0.034	3.844	0	0	0	0	0	0	0	0	0	0	0	0	0	0	0	16.3	0	0	0	0	0	0	0	0	0	0	0	0	0	0	0	0	0	0	0	0	0	0	0	0	0	0	0	0	0	0	0	0	0	0	
22/03/2022 11:59:20	0	0	8	15.22	15.25	0	3412	1056	3.841	3.8418	16.3	0	False	-4.246666	-4.241667	-4.241667	4.25	2.1172	1.2441	3.876	3.876	-1	-0.023	3.841	0	0	0	0	0	0	0	0	0	0	0	0	0	0	0	16.3	0	0	0	0	0	0	0	0	0	0	0	0	0	0	0	0	0	0	0	0	0	0	0	0	0	0	0	0	0	0	0	0	0	0	
22/03/2022 11:59:30	0	0	8	15.23	15.25	0	3406	1065	3.839	3.8397	16.3	0	False	-4.245	-4.246666	-4.265	4.25	2.1172	1.2547	3.876	3.876	-1	-0.034	3.839	0	0	0	0	0	0	0	0	0	0	0	0	0	0	0	16.3	0	0	0	0	0	0	0	0	0	0	0	0	0	0	0	0	0	0	0	0	0	0	0	0	0	0	0	0	0	0	0	0	0	0	
22/03/2022 11:59:40	0	0	8	15.23	15.25	0	3408	1076	3.836	3.8372	16.3	0	False	-4.245	-4.246666	-4.258333	4.25	2.1172	1.2677	3.876	3.876	-1	-0.034	3.836	0	0	0	0	0	0	0	0	0	0	0	0	0	0	0	16.3	0	0	0	0	0	0	0	0	0	0	0	0	0	0	0	0	0	0	0	0	0	0	0	0	0	0	0	0	0	0	0	0	0	0	
22/03/2022 11:59:50	0	0	8	15.23	15.25	0	3398	1086	3.834	3.8347	16.3	0	False	-4.246666	-4.253334	-4.258333	4.25	2.1172	1.2795	3.865	3.876	-1	-0.034	3.834	0	0	0	0	0	0	0	0	0	0	0	0	0	0	0	16.3	0	0	0	0	0	0	0	0	0	0	0	0	0	0	0	0	0	0	0	0	0	0	0	0	0	0	0	0	0	0	0	0	0	0	
22/03/2022 12:00:00	0	0	8	15.23	15.25	0	3408	1096	3.832	3.8331	16.3	0	False	-4.25	-4.25	-4.258333	4.25	2.1172	1.2913	3.865	3.876	-1	-0.034	3.832	0	0	0	0	0	0	0	0	0	0	0	0	0	0	0	16.3	0	0	0	0	0	0	0	0	0	0	0	0	0	0	0	0	0	0	0	0	0	0	0	0	0	0	0	0	0	0	0	0	0	0	
22/03/2022 12:00:10	0	0	8	15.23	15.25	0	3408	1106	3.83	3.8309	16.3	0	False	-4.25	-4.243333	-4.241667	4.25	2.1172	1.3031	3.865	3.87	-1	-0.034	3.83	0	0	0	0	0	0	0	0	0	0	0	0	0	0	0	16.3	0	0	0	0	0	0	0	0	0	0	0	0	0	0	0	0	0	0	0	0	0	0	0	0	0	0	0	0	0	0	0	0	0	0	
22/03/2022 12:00:20	0	0	8	15.23	15.25	0	3398	1116	3.828	3.8284	16.3	0	False	-4.248333	-4.248333	-4.241667	4.25	2.1172	1.3149	3.865	3.865	-1	-0.034	3.828	0	0	0	0	0	0	0	0	0	0	0	0	0	0	0	16.3	0	0	0	0	0	0	0	0	0	0	0	0	0	0	0	0	0	0	0	0	0	0	0	0	0	0	0	0	0	0	0	0	0	0	
22/03/2022 12:00:30	0	0	8	15.23	15.25	0	3400	1126	3.826	3.8263	16.3	0	False	-4.253334	-4.25	-4.231667	4.25	2.1172	1.3267	3.865	3.865	-1	-0.034	3.826	0	0	0	0	0	0	0	0	0	0	0	0	0	0	0	16.3	0	0	0	0	0	0	0	0	0	0	0	0	0	0	0	0	0	0	0	0	0	0	0	0	0	0	0	0	0	0	0	0	0	0	
22/03/2022 12:00:40	0	0	8	15.23	15.25	0	3402	1136	3.824	3.8244	16.3	0	False	-4.25	-4.25	-4.258333	4.25	2.1172	1.3385	3.853	3.865	-1	-0.034	3.824	0	0	0	0	0	0	0	0	0	0	0	0	0	0	0	16.3	0	0	0	0	0	0	0	0	0	0	0	0	0	0	0	0	0	0	0	0	0	0	0	0	0	0	0	0	0	0	0	0	0	0	
22/03/2022 12:00:50	0	0	8	15.23	15.25	0	3404	1146	3.821	3.8222	16.3	0	False	-4.25	-4.25	-4.236667	4.25	2.1172	1.3503	3.853	3.865	-1	-0.034	3.821	0	0	0	0	0	0	0	0	0	0	0	0	0	0	0	16.3	0	0	0	0	0	0	0	0	0	0	0	0	0	0	0	0	0	0	0	0	0	0	0	0	0	0	0	0	0	0	0	0	0	0	
22/03/2022 12:01:00	0	0	8	15.23	15.24	0	3402	1156	3.819	3.8197	16.3	0	False	-4.251667	-4.251667	-4.22	4.25	2.1172	1.3621	3.853	3.855	-1	-0.034	3.819	0	0	0	0	0	0	0	0	0	0	0	0	0	0	0	16.3	0	0	0	0	0	0	0	0	0	0	0	0	0	0	0	0	0	0	0	0	0	0	0	0	0	0	0	0	0	0	0	0	0	0	
22/03/2022 12:01:10	0	0	8	15.23	15.24	0	3400	1166	3.817	3.8177	16.3	0	False	-4.248333	-4.253334	-4.215	4.25	2.1172	1.3739	3.842	3.853	-1	-0.034	3.817	0	0	0	0	0	0	0	0	0	0	0	0	0	0	0	16.3	0	0	0	0	0	0	0	0	0	0	0	0	0	0	0	0	0	0	0	0	0	0	0	0	0	0	0	0	0	0	0	0	0	0	
22/03/2022 12:01:20	0	0	8	15.23	15.24	0	3402	1176	3.815	3.8158	16.3	0	False	-4.248333	-4.246666	-4.236667	4.25	2.1172	1.3856	3.842	3.853	-1	-0.034	3.815	0	0	0	0	0	0	0	0	0	0	0	0	0	0	0	16.3	0	0	0	0	0	0	0	0	0	0	0	0	0	0	0	0	0	0	0	0	0	0	0	0	0	0	0	0	0	0	0	0	0	0	
22/03/2022 12:01:30	0	0	8	15.23	15.24	0	3408	1185	3.813	3.8134	16.3	0	False	-4.245	-4.245	-4.231667	4.25	2.1172	1.3974	3.842	3.853	-1	-0.034	3.813	0	0	0	0	0	0	0	0	0	0	0	0	0	0	0	16.3	0	0	0	0	0	0	0	0	0	0	0	0	0	0	0	0	0	0	0	0	0	0	0	0	0	0	0	0	0	0	0	0	0	0	
22/03/2022 12:01:40	0	0	8	15.23	15.24	0	3402	1195	3.81	3.8109	16.3	0	False	-4.25	-4.251667	-4.258333	4.25	2.1172	1.408	3.842	3.853	-1	-0.034	3.81	0	0	0	0	0	0	0	0	0	0	0	0	0	0	0	16.3	0	0	0	0	0	0	0	0	0	0	0	0	0	0	0	0	0	0	0	0	0	0	0	0	0	0	0	0	0	0	0	0	0	0	
22/03/2022 12:01:50	0	0	8	15.23	15.24	0	3396	1205	3.807	3.8079	16.3	0	False	-4.25	-4.251667	-4.253334	4.25	2.1172	1.4198	3.83	3.845	-1	-0.034	3.807	0	0	0	0	0	0	0	0	0	0	0	0	0	0	0	16.3	0	0	0	0	0	0	0	0	0	0	0	0	0	0	0	0	0	0	0	0	0	0	0	0	0	0	0	0	0	0	0	0	0	0	
22/03/2022 12:02:00	0	0	8	15.23	15.24	0	3398	1215	3.805	3.8059	16.3	0	False	-4.251667	-4.248333	-4.231667	4.25	2.1172	1.4316	3.842	3.842	-1	-0.046	3.805	0	0	0	0	0	0	0	0	0	0	0	0	0	0	0	16.3	0	0	0	0	0	0	0	0	0	0	0	0	0	0	0	0	0	0	0	0	0	0	0	0	0	0	0	0	0	0	0	0	0	0	
22/03/2022 12:02:10	0	0	8	15.23	15.24	0	3412	1225	3.803	3.8034	16.3	0	False	-4.246666	-4.245	-4.236667	4.25	2.1172	1.4434	3.83	3.842	-1	-0.034	3.803	0	0	0	0	0	0	0	0	0	0	0	0	0	0	0	16.3	0	0	0	0	0	0	0	0	0	0	0	0	0	0	0	0	0	0	0	0	0	0	0	0	0	0	0	0	0	0	0	0	0	0	
22/03/2022 12:02:20	0	0	8	15.23	15.24	0	3414	1235	3.8	3.8009	16.3	0	False	-4.245	-4.24	-4.236667	4.25	2.1172	1.4552	3.83	3.842	-1	-0.034	3.8	0	0	0	0	0	0	0	0	0	0	0	0	0	0	0	16.3	0	0	0	0	0	0	0	0	0	0	0	0	0	0	0	0	0	0	0	0	0	0	0	0	0	0	0	0	0	0	0	0	0	0	
22/03/2022 12:02:30	0	0	8	15.23	15.24	0	3412	1245	3.798	3.7983	16.3	0	False	-4.25	-4.241667	-4.236667	4.25	2.1172	1.467	3.83	3.842	-1	-0.034	3.798	0	0	0	0	0	0	0	0	0	0	0	0	0	0	0	16.3	0	0	0	0	0	0	0	0	0	0	0	0	0	0	0	0	0	0	0	0	0	0	0	0	0	0	0	0	0	0	0	0	0	0	
22/03/2022 12:02:40	0	0	8	15.23	15.24	0	3406	1255	3.795	3.7959	16.3	0	False	-4.248333	-4.248333	-4.241667	4.25	2.1172	1.4788	3.83	3.83	-1	-0.034	3.795	0	0	0	0	0	0	0	0	0	0	0	0	0	0	0	16.3	0	0	0	0	0	0	0	0	0	0	0	0	0	0	0	0	0	0	0	0	0	0	0	0	0	0	0	0	0	0	0	0	0	0	
22/03/2022 12:02:50	0	0	8	15.23	15.24	0	3400	1265	3.793	3.7934	16.3	0	False	-4.248333	-4.256667	-4.241667	4.25	2.1172	1.4906	3.83	3.83	-1	-0.034	3.793	0	0	0	0	0	0	0	0	0	0	0	0	0	0	0	16.3	0	0	0	0	0	0	0	0	0	0	0	0	0	0	0	0	0	0	0	0	0	0	0	0	0	0	0	0	0	0	0	0	0	0	
22/03/2022 12:03:00	0	0	8	15.23	15.24	0	3406	1275	3.79	3.7909	16.3	0	False	-4.245	-4.248333	-4.253334	4.25	2.1172	1.5024	3.819	3.83	-1	-0.034	3.79	0	0	0	0	0	0	0	0	0	0	0	0	0	0	0	16.3	0	0	0	0	0	0	0	0	0	0	0	0	0	0	0	0	0	0	0	0	0	0	0	0	0	0	0	0	0	0	0	0	0	0	
22/03/2022 12:03:10	0	0	8	15.23	15.25	0	3412	1285	3.788	3.7884	16.3	0	False	-4.248333	-4.243333	-4.241667	4.25	2.1172	1.5142	3.819	3.83	-1	-0.034	3.788	0	0	0	0	0	0	0	0	0	0	0	0	0	0	0	16.3	0	0	0	0	0	0	0	0	0	0	0	0	0	0	0	0	0	0	0	0	0	0	0	0	0	0	0	0	0	0	0	0	0	0	
22/03/2022 12:03:20	0	0	8	15.23	15.25	0	3402	1295	3.785	3.786	16.3	0	False	-4.248333	-4.255	-4.265	4.25	2.1172	1.526	3.819	3.824	-1	-0.034	3.785	0	0	0	0	0	0	0	0	0	0	0	0	0	0	0	16.3	0	0	0	0	0	0	0	0	0	0	0	0	0	0	0	0	0	0	0	0	0	0	0	0	0	0	0	0	0	0	0	0	0	0	
22/03/2022 12:03:30	0	0	8	15.23	15.25	0	3400	1305	3.783	3.7834	16.3	0	False	-4.246666	-4.255	-4.258333	4.25	2.1172	1.5378	3.819	3.819	-1	-0.034	3.783	0	0	0	0	0	0	0	0	0	0	0	0	0	0	0	16.3	0	0	0	0	0	0	0	0	0	0	0	0	0	0	0	0	0	0	0	0	0	0	0	0	0	0	0	0	0	0	0	0	0	0	
22/03/2022 12:03:40	0	0	8	15.22	15.25	0	3402	1315	3.78	3.7809	16.3	0	False	-4.246666	-4.25	-4.258333	4.25	2.1172	1.5497	3.819	3.819	-1	-0.034	3.78	0	0	0	0	0	0	0	0	0	0	0	0	0	0	0	16.3	0	0	0	0	0	0	0	0	0	0	0	0	0	0	0	0	0	0	0	0	0	0	0	0	0	0	0	0	0	0	0	0	0	0	
22/03/2022 12:03:50	0	0	8	15.23	15.25	0	3406	1325	3.778	3.7784	16.3	0	False	-4.246666	-4.245	-4.258333	4.25	2.1172	1.5615	3.807	3.819	-1	-0.034	3.778	0	0	0	0	0	0	0	0	0	0	0	0	0	0	0	16.3	0	0	0	0	0	0	0	0	0	0	0	0	0	0	0	0	0	0	0	0	0	0	0	0	0	0	0	0	0	0	0	0	0	0	
22/03/2022 12:04:00	0	0	8	15.23	15.25	0	3404	1335	3.775	3.7759	16.3	0	False	-4.248333	-4.245	-4.215	4.25	2.1172	1.5733	3.807	3.819	-1	-0.034	3.775	0	0	0	0	0	0	0	0	0	0	0	0	0	0	0	16.3	0	0	0	0	0	0	0	0	0	0	0	0	0	0	0	0	0	0	0	0	0	0	0	0	0	0	0	0	0	0	0	0	0	0	
22/03/2022 12:04:10	0	0	8	15.23	15.25	0	3404	1345	3.773	3.7734	16.3	0	False	-4.246666	-4.245	-4.236667	4.25	2.1172	1.585	3.807	3.811	-1	-0.034	3.773	0	0	0	0	0	0	0	0	0	0	0	0	0	0	0	16.3	0	0	0	0	0	0	0	0	0	0	0	0	0	0	0	0	0	0	0	0	0	0	0	0	0	0	0	0	0	0	0	0	0	0	
22/03/2022 12:04:20	0	0	8	15.23	15.25	0	3402	1355	3.77	3.7709	16.3	0	False	-4.248333	-4.253334	-4.253334	4.25	2.1172	1.5968	3.807	3.807	-1	-0.034	3.77	0	0	0	0	0	0	0	0	0	0	0	0	0	0	0	16.3	0	0	0	0	0	0	0	0	0	0	0	0	0	0	0	0	0	0	0	0	0	0	0	0	0	0	0	0	0	0	0	0	0	0	
22/03/2022 12:04:30	0	0	8	15.23	15.25	0	3398	1365	3.768	3.7683	16.3	0	False	-4.248333	-4.25	-4.253334	4.25	2.1172	1.6086	3.807	3.807	-1	-0.046	3.768	0	0	0	0	0	0	0	0	0	0	0	0	0	0	0	16.3	0	0	0	0	0	0	0	0	0	0	0	0	0	0	0	0	0	0	0	0	0	0	0	0	0	0	0	0	0	0	0	0	0	0	
22/03/2022 12:04:40	0	0	8	15.23	15.25	0	3404	1374	3.765	3.7658	16.3	0	False	-4.248333	-4.248333	-4.241667	4.25	2.1172	1.6192	3.796	3.807	-1	-0.034	3.765	0	0	0	0	0	0	0	0	0	0	0	0	0	0	0	16.3	0	0	0	0	0	0	0	0	0	0	0	0	0	0	0	0	0	0	0	0	0	0	0	0	0	0	0	0	0	0	0	0	0	0	
22/03/2022 12:04:50	0	0	8	15.23	15.25	0	3398	1384	3.762	3.7625	16.3	0	False	-4.246666	-4.246666	-4.231667	4.25	2.1172	1.631	3.784	3.796	-1	-0.023	3.762	0	0	0	0	0	0	0	0	0	0	0	0	0	0	0	16.3	0	0	0	0	0	0	0	0	0	0	0	0	0	0	0	0	0	0	0	0	0	0	0	0	0	0	0	0	0	0	0	0	0	0	
22/03/2022 12:05:00	0	0	8	15.22	15.25	0	3408	1394	3.759	3.7597	16.3	0	False	-4.245	-4.241667	-4.231667	4.25	2.1172	1.6428	3.796	3.796	-1	-0.023	3.759	0	0	0	0	0	0	0	0	0	0	0	0	0	0	0	16.3	0	0	0	0	0	0	0	0	0	0	0	0	0	0	0	0	0	0	0	0	0	0	0	0	0	0	0	0	0	0	0	0	0	0	
22/03/2022 12:05:10	0	0	8	15.23	15.25	0	3406	1404	3.756	3.757	16.3	0	False	-4.248333	-4.246666	-4.265	4.25	2.1172	1.6546	3.796	3.796	-1	-0.034	3.756	0	0	0	0	0	0	0	0	0	0	0	0	0	0	0	16.3	0	0	0	0	0	0	0	0	0	0	0	0	0	0	0	0	0	0	0	0	0	0	0	0	0	0	0	0	0	0	0	0	0	0	
22/03/2022 12:05:20	0	0	8	15.23	15.24	0	3408	1414	3.754	3.7541	16.3	0	False	-4.251667	-4.245	-4.236667	4.25	2.1172	1.6664	3.784	3.796	-1	-0.034	3.754	0	0	0	0	0	0	0	0	0	0	0	0	0	0	0	16.3	0	0	0	0	0	0	0	0	0	0	0	0	0	0	0	0	0	0	0	0	0	0	0	0	0	0	0	0	0	0	0	0	0	0	
22/03/2022 12:05:30	0	0	8	15.23	15.25	0	3398	1424	3.75	3.7509	16.3	0	False	-4.248333	-4.253334	-4.253334	4.25	2.1172	1.6782	3.784	3.786	-1	-0.034	3.75	0	0	0	0	0	0	0	0	0	0	0	0	0	0	0	16.3	0	0	0	0	0	0	0	0	0	0	0	0	0	0	0	0	0	0	0	0	0	0	0	0	0	0	0	0	0	0	0	0	0	0	
22/03/2022 12:05:40	0	0	8	15.23	15.25	0	3404	1434	3.748	3.7484	16.3	0	False	-4.246666	-4.246666	-4.258333	4.25	2.1172	1.69	3.784	3.784	-1	-0.034	3.748	0	0	0	0	0	0	0	0	0	0	0	0	0	0	0	16.3	0	0	0	0	0	0	0	0	0	0	0	0	0	0	0	0	0	0	0	0	0	0	0	0	0	0	0	0	0	0	0	0	0	0	
22/03/2022 12:05:50	0	0	8	15.23	15.25	0	3402	1442	3.745	3.7459	16.3	0	False	-4.248333	-4.25	-4.241667	4.25	2.1172	1.6995	3.773	3.784	-1	-0.046	3.745	0	0	0	0	0	0	0	0	0	0	0	0	0	0	0	16.3	0	0	0	0	0	0	0	0	0	0	0	0	0	0	0	0	0	0	0	0	0	0	0	0	0	0	0	0	0	0	0	0	0	0	
22/03/2022 12:06:00	0	0	8	15.23	15.25	0	3408	1454	3.742	3.743	16.3	0	False	-4.245	-4.246666	-4.276667	4.25	2.1172	1.7136	3.773	3.784	-1	-0.023	3.742	0	0	0	0	0	0	0	0	0	0	0	0	0	0	0	16.3	0	0	0	0	0	0	0	0	0	0	0	0	0	0	0	0	0	0	0	0	0	0	0	0	0	0	0	0	0	0	0	0	0	0	
22/03/2022 12:06:10	0	0	8	15.23	15.25	0	3406	1464	3.739	3.7397	16.3	0	False	-4.25	-4.246666	-4.236667	4.25	2.1172	1.7254	3.773	3.779	-1	-0.034	3.739	0	0	0	0	0	0	0	0	0	0	0	0	0	0	0	16.3	0	0	0	0	0	0	0	0	0	0	0	0	0	0	0	0	0	0	0	0	0	0	0	0	0	0	0	0	0	0	0	0	0	0	
22/03/2022 12:06:20	0	0	8	15.23	15.25	0	3408	1474	3.736	3.7372	16.3	0	False	-4.246666	-4.245	-4.258333	4.25	2.1172	1.7372	3.761	3.773	-1	-0.023	3.736	0	0	0	0	0	0	0	0	0	0	0	0	0	0	0	16.3	0	0	0	0	0	0	0	0	0	0	0	0	0	0	0	0	0	0	0	0	0	0	0	0	0	0	0	0	0	0	0	0	0	0	
22/03/2022 12:06:30	0	0	8	15.23	15.25	0	3406	1484	3.733	3.734	16.3	0	False	-4.248333	-4.246666	-4.231667	4.25	2.1172	1.749	3.761	3.773	-1	-0.034	3.733	0	0	0	0	0	0	0	0	0	0	0	0	0	0	0	16.3	0	0	0	0	0	0	0	0	0	0	0	0	0	0	0	0	0	0	0	0	0	0	0	0	0	0	0	0	0	0	0	0	0	0	
22/03/2022 12:06:40	0	0	8	15.23	15.25	0	3400	1494	3.73	3.7309	16.3	0	False	-4.248333	-4.248333	-4.253334	4.25	2.1172	1.7608	3.761	3.773	-1	-0.034	3.73	0	0	0	0	0	0	0	0	0	0	0	0	0	0	0	16.3	0	0	0	0	0	0	0	0	0	0	0	0	0	0	0	0	0	0	0	0	0	0	0	0	0	0	0	0	0	0	0	0	0	0	
22/03/2022 12:06:50	0	0	8	15.23	15.25	0	3414	1504	3.728	3.7283	16.3	0	False	-4.245	-4.25	-4.276667	4.25	2.1172	1.7726	3.761	3.761	-1	-0.034	3.728	0	0	0	0	0	0	0	0	0	0	0	0	0	0	0	16.3	0	0	0	0	0	0	0	0	0	0	0	0	0	0	0	0	0	0	0	0	0	0	0	0	0	0	0	0	0	0	0	0	0	0	
22/03/2022 12:07:00	0	0	8	15.23	15.25	0	3404	1514	3.725	3.7256	16.3	0	False	-4.246666	-4.25	-4.258333	4.25	2.1172	1.7844	3.75	3.761	-1	-0.046	3.725	0	0	0	0	0	0	0	0	0	0	0	0	0	0	0	16.3	0	0	0	0	0	0	0	0	0	0	0	0	0	0	0	0	0	0	0	0	0	0	0	0	0	0	0	0	0	0	0	0	0	0	
22/03/2022 12:07:10	0	0	8	15.23	15.25	0	3402	1524	3.721	3.7222	16.3	0	False	-4.246666	-4.251667	-4.265	4.25	2.1172	1.7962	3.75	3.761	-1	-0.034	3.721	0	0	0	0	0	0	0	0	0	0	0	0	0	0	0	16.3	0	0	0	0	0	0	0	0	0	0	0	0	0	0	0	0	0	0	0	0	0	0	0	0	0	0	0	0	0	0	0	0	0	0	
22/03/2022 12:07:20	0	0	8	15.23	15.25	0	3404	1534	3.719	3.7197	16.3	0	False	-4.25	-4.248333	-4.231667	4.25	2.1172	1.808	3.75	3.761	-1	-0.034	3.719	0	0	0	0	0	0	0	0	0	0	0	0	0	0	0	16.3	0	0	0	0	0	0	0	0	0	0	0	0	0	0	0	0	0	0	0	0	0	0	0	0	0	0	0	0	0	0	0	0	0	0	
22/03/2022 12:07:30	0	0	8	15.23	15.25	0	3414	1544	3.715	3.7161	16.3	0	False	-4.243333	-4.241667	-4.276667	4.25	2.1172	1.8198	3.75	3.75	-1	-0.034	3.715	0	0	0	0	0	0	0	0	0	0	0	0	0	0	0	16.3	0	0	0	0	0	0	0	0	0	0	0	0	0	0	0	0	0	0	0	0	0	0	0	0	0	0	0	0	0	0	0	0	0	0	
22/03/2022 12:07:40	0	0	8	15.23	15.25	0	3396	1554	3.713	3.7134	16.3	0	False	-4.25	-4.251667	-4.253334	4.25	2.1172	1.8316	3.738	3.75	-1	-0.023	3.713	0	0	0	0	0	0	0	0	0	0	0	0	0	0	0	16.3	0	0	0	0	0	0	0	0	0	0	0	0	0	0	0	0	0	0	0	0	0	0	0	0	0	0	0	0	0	0	0	0	0	0	
22/03/2022 12:07:50	0	0	8	15.23	15.25	0	3398	1564	3.709	3.7099	16.3	0	False	-4.248333	-4.248333	-4.253334	4.25	2.1172	1.8434	3.738	3.749	-1	-0.034	3.709	0	0	0	0	0	0	0	0	0	0	0	0	0	0	0	16.3	0	0	0	0	0	0	0	0	0	0	0	0	0	0	0	0	0	0	0	0	0	0	0	0	0	0	0	0	0	0	0	0	0	0	
22/03/2022 12:08:00	0	0	8	15.23	15.25	0	3404	1573	3.706	3.7072	16.3	0	False	-4.246666	-4.25	-4.258333	4.25	2.1172	1.8552	3.738	3.749	-1	-0.034	3.706	0	0	0	0	0	0	0	0	0	0	0	0	0	0	0	16.3	0	0	0	0	0	0	0	0	0	0	0	0	0	0	0	0	0	0	0	0	0	0	0	0	0	0	0	0	0	0	0	0	0	0	
22/03/2022 12:08:10	0	0	8	15.23	15.24	0	3406	1583	3.704	3.7045	16.3	0	False	-4.245	-4.25	-4.258333	4.25	2.1172	1.8658	3.727	3.738	-1	-0.023	3.704	0	0	0	0	0	0	0	0	0	0	0	0	0	0	0	16.3	0	0	0	0	0	0	0	0	0	0	0	0	0	0	0	0	0	0	0	0	0	0	0	0	0	0	0	0	0	0	0	0	0	0	
22/03/2022 12:08:20	0	0	8	15.23	15.25	0	3412	1593	3.7	3.7008	16.3	0	False	-4.245	-4.246666	-4.236667	4.25	2.1172	1.8776	3.727	3.738	-1	-0.034	3.7	0	0	0	0	0	0	0	0	0	0	0	0	0	0	0	16.3	0	0	0	0	0	0	0	0	0	0	0	0	0	0	0	0	0	0	0	0	0	0	0	0	0	0	0	0	0	0	0	0	0	0	
22/03/2022 12:08:30	0	0	8	15.23	15.24	0	3406	1603	3.698	3.6982	16.3	0	False	-4.248333	-4.245	-4.253334	4.25	2.1172	1.8894	3.727	3.738	-1	-0.034	3.698	0	0	0	0	0	0	0	0	0	0	0	0	0	0	0	16.3	0	0	0	0	0	0	0	0	0	0	0	0	0	0	0	0	0	0	0	0	0	0	0	0	0	0	0	0	0	0	0	0	0	0	
22/03/2022 12:08:40	0	0	8	15.23	15.25	0	3412	1613	3.694	3.6947	16.3	0	False	-4.248333	-4.238333	-4.236667	4.25	2.1172	1.9012	3.727	3.733	-1	-0.034	3.694	0	0	0	0	0	0	0	0	0	0	0	0	0	0	0	16.3	0	0	0	0	0	0	0	0	0	0	0	0	0	0	0	0	0	0	0	0	0	0	0	0	0	0	0	0	0	0	0	0	0	0	
22/03/2022 12:08:50	0	0	8	15.23	15.25	0	3402	1623	3.691	3.692	16.3	0	False	-4.245	-4.255	-4.265	4.25	2.1172	1.913	3.727	3.727	-1	-0.034	3.691	0	0	0	0	0	0	0	0	0	0	0	0	0	0	0	16.3	0	0	0	0	0	0	0	0	0	0	0	0	0	0	0	0	0	0	0	0	0	0	0	0	0	0	0	0	0	0	0	0	0	0	
22/03/2022 12:09:00	0	0	8	15.23	15.25	0	3404	1633	3.688	3.6884	16.3	0	False	-4.25	-4.253334	-4.265	4.25	2.1172	1.9248	3.716	3.727	-1	-0.046	3.688	0	0	0	0	0	0	0	0	0	0	0	0	0	0	0	16.3	0	0	0	0	0	0	0	0	0	0	0	0	0	0	0	0	0	0	0	0	0	0	0	0	0	0	0	0	0	0	0	0	0	0	
