DateTime	SlaveNum	Cycle	Mode	SupplyVolts	LSupplyVolts	SupplyAmps	PWM	SecTimer	AvgCellVolts	MaxCellVolts	AvgIR	FallBackVolts	CVStarted	SlowAmps	AvgAmps	FastAmps	SetAmps	AhrIN	AhrOUT	PackVolts	AvgPackVolts	Fuel1	SumError	Cell1Volts	Cell2Volts	Cell3Volts	Cell4Volts	Cell5Volts	Cell6Volts	Cell7Volts	Cell8Volts	Cell9Volts	Cell10Volts	Cell11Volts	Cell12Volts	Cell13Volts	Cell14Volts	Cell15Volts	Cell16Volts	Cell1IR	Cell2IR	Cell3IR	Cell4IR	Cell5IR	Cell6IR	Cell7IR	Cell8IR	Cell9IR	Cell10IR	Cell11IR	Cell12IR	Cell13IR	Cell14IR	Cell15IR	Cell16IR	BP1PWM	BP2PWM	BP3PWM	BP4PWM	BP5PWM	BP6PWM	BP7PWM	BP8PWM	BP9PWM	BP10PWM	BP11PWM	BP12PWM	BP13PWM	BP14PWM	BP15PWM	BP16PWM	Debug1	Debug2	Debug3	
10/03/2022 08:57:01	0	0	6	14.99	15.03	0	2286	12	4.175	4.176	0	0	False	0	0	-0.01166667	4.2	0	0	4.22	4.22	97.6	-0.046	4.175	0	0	0	0	0	0	0	0	0	0	0	0	0	0	0	0	0	0	0	0	0	0	0	0	0	0	0	0	0	0	0	0	0	0	0	0	0	0	0	0	0	0	0	0	0	0	0	0	0	0	
10/03/2022 08:57:03	0	0	6	15.03	15.02	1.3	2468	14	4.207	4.2073	0	0	True	0.01166667	1.615	4.133333	4.2	0.0009	0	4.243	4.243	98.5	-0.034	4.207	0	0	0	0	0	0	0	0	0	0	0	0	0	0	0	17.2	0	0	0	0	0	0	0	0	0	0	0	0	0	0	0	0	0	0	0	0	0	0	0	0	0	0	0	0	0	0	0	0	0	0	
10/03/2022 08:57:11	0	0	6	15	15.03	0.4	2348	22	4.2	4.1998	0	0	True	1.711667	1.35	1.228333	4.2	0.0052	0	4.243	4.232	99.6	-0.034	4.2	0	0	0	0	0	0	0	0	0	0	0	0	0	0	0	17.2	0	0	0	0	0	0	0	0	0	0	0	0	0	0	0	0	0	0	0	0	0	0	0	0	0	0	0	0	0	0	0	0	0	0	
10/03/2022 08:57:21	0	0	6	15	15.03	0.3	2330	32	4.199	4.1998	0	0	True	1.051667	0.88	0.815	4.2	0.008	0	4.232	4.232	99.7	-0.034	4.199	0	0	0	0	0	0	0	0	0	0	0	0	0	0	0	17.2	0	0	0	0	0	0	0	0	0	0	0	0	0	0	0	0	0	0	0	0	0	0	0	0	0	0	0	0	0	0	0	0	0	0	
10/03/2022 08:57:31	0	0	6	15	15.03	0.2	2324	42	4.199	4.1998	0	0	True	0.93	0.7166666	0.72	4.2	0.0101	0	4.243	4.243	99.7	-0.034	4.199	0	0	0	0	0	0	0	0	0	0	0	0	0	0	0	17.2	0	0	0	0	0	0	0	0	0	0	0	0	0	0	0	0	0	0	0	0	0	0	0	0	0	0	0	0	0	0	0	0	0	0	
10/03/2022 08:57:42	0	0	6	14.99	15.03	0.2	2318	52	4.199	4.1985	0	0	True	0.7833334	0.5383334	0.545	4.2	0.0117	0	4.243	4.232	99.8	-0.034	4.199	0	0	0	0	0	0	0	0	0	0	0	0	0	0	0	17.2	0	0	0	0	0	0	0	0	0	0	0	0	0	0	0	0	0	0	0	0	0	0	0	0	0	0	0	0	0	0	0	0	0	0	
10/03/2022 08:57:52	0	0	6	14.99	15.03	0.2	2318	62	4.199	4.1985	0	0	True	0.6733333	0.525	0.5233333	4.2	0.0132	0	4.232	4.232	99.8	-0.034	4.199	0	0	0	0	0	0	0	0	0	0	0	0	0	0	0	17.2	0	0	0	0	0	0	0	0	0	0	0	0	0	0	0	0	0	0	0	0	0	0	0	0	0	0	0	0	0	0	0	0	0	0	
10/03/2022 08:58:02	0	0	6	15	15.03	0.2	2318	68	4.199	4.201	0	0	True	0.6316667	0.52	0.5166667	4.2	0.0141	0	4.243	4.243	99.8	-0.046	4.199	0	0	0	0	0	0	0	0	0	0	0	0	0	0	0	17.2	0	0	0	0	0	0	0	0	0	0	0	0	0	0	0	0	0	0	0	0	0	0	0	0	0	0	0	0	0	0	0	0	0	0	
10/03/2022 08:58:12	0	0	6	14.99	15.03	0.1	2314	82	4.2	4.201	0	0	True	0.545	0.4283333	0.4233333	4.2	0.0159	0	4.243	4.243	100	-0.034	4.2	0	0	0	0	0	0	0	0	0	0	0	0	0	0	0	17.2	0	0	0	0	0	0	0	0	0	0	0	0	0	0	0	0	0	0	0	0	0	0	0	0	0	0	0	0	0	0	0	0	0	0	
10/03/2022 08:58:22	0	0	6	14.99	15.03	0.1	2310	92	4.2	4.201	0	0	True	0.475	0.3266667	0.3333333	4.2	0.017	0	4.243	4.243	100	-0.034	4.2	0	0	0	0	0	0	0	0	0	0	0	0	0	0	0	17.2	0	0	0	0	0	0	0	0	0	0	0	0	0	0	0	0	0	0	0	0	0	0	0	0	0	0	0	0	0	0	0	0	0	0	
10/03/2022 08:58:32	0	0	6	14.99	15.03	0.1	2308	102	4.2	4.201	0	0	True	0.41	0.3216667	0.3183333	4.2	0.0179	0	4.243	4.243	100	-0.046	4.2	0	0	0	0	0	0	0	0	0	0	0	0	0	0	0	17.2	0	0	0	0	0	0	0	0	0	0	0	0	0	0	0	0	0	0	0	0	0	0	0	0	0	0	0	0	0	0	0	0	0	0	
10/03/2022 08:58:42	0	0	6	14.99	15.03	0.1	2306	112	4.2	4.201	0	0	True	0.3733333	0.2883333	0.225	4.2	0.0188	0	4.232	4.243	100	-0.046	4.2	0	0	0	0	0	0	0	0	0	0	0	0	0	0	0	17.2	0	0	0	0	0	0	0	0	0	0	0	0	0	0	0	0	0	0	0	0	0	0	0	0	0	0	0	0	0	0	0	0	0	0	
10/03/2022 08:58:52	0	0	6	14.99	15.03	0.1	2306	122	4.2	4.201	0	0	True	0.315	0.2366667	0.2366667	4.2	0.0194	0	4.243	4.243	100	-0.034	4.2	0	0	0	0	0	0	0	0	0	0	0	0	0	0	0	17.2	0	0	0	0	0	0	0	0	0	0	0	0	0	0	0	0	0	0	0	0	0	0	0	0	0	0	0	0	0	0	0	0	0	0	
10/03/2022 08:59:02	0	0	6	14.99	15.03	0.1	2306	132	4.2	4.201	0	0	True	0.2816667	0.2283333	0.225	4.2	0.0201	0	4.232	4.243	100	-0.046	4.2	0	0	0	0	0	0	0	0	0	0	0	0	0	0	0	17.2	0	0	0	0	0	0	0	0	0	0	0	0	0	0	0	0	0	0	0	0	0	0	0	0	0	0	0	0	0	0	0	0	0	0	
10/03/2022 08:59:12	0	0	6	14.99	15.03	0.1	2306	142	4.2	4.2012	0	0	True	0.265	0.2316667	0.2366667	4.2	0.0207	0	4.243	4.243	100	-0.046	4.2	0	0	0	0	0	0	0	0	0	0	0	0	0	0	0	17.2	0	0	0	0	0	0	0	0	0	0	0	0	0	0	0	0	0	0	0	0	0	0	0	0	0	0	0	0	0	0	0	0	0	0	
10/03/2022 08:59:22	0	0	6	14.99	15.03	0.1	2306	152	4.201	4.2023	0	0	True	0.2483333	0.23	0.225	4.2	0.0213	0	4.243	4.243	100	-0.046	4.201	0	0	0	0	0	0	0	0	0	0	0	0	0	0	0	17.2	0	0	0	0	0	0	0	0	0	0	0	0	0	0	0	0	0	0	0	0	0	0	0	0	0	0	0	0	0	0	0	0	0	0	
10/03/2022 08:59:32	0	0	6	14.99	15.03	0.1	2306	162	4.202	4.2023	0	0	True	0.2316667	0.21	0.2066667	4.2	0.0219	0	4.243	4.243	100	-0.046	4.202	0	0	0	0	0	0	0	0	0	0	0	0	0	0	0	17.2	0	0	0	0	0	0	0	0	0	0	0	0	0	0	0	0	0	0	0	0	0	0	0	0	0	0	0	0	0	0	0	0	0	0	
10/03/2022 08:59:42	0	0	6	14.99	15.03	0	2302	172	4.202	4.2023	0	0	True	0.215	0.205	0.1033333	4.2	0.0225	0	4.243	4.243	100	-0.034	4.202	0	0	0	0	0	0	0	0	0	0	0	0	0	0	0	17.2	0	0	0	0	0	0	0	0	0	0	0	0	0	0	0	0	0	0	0	0	0	0	0	0	0	0	0	0	0	0	0	0	0	0	
10/03/2022 08:59:52	0	0	11	14.99	15.03	0	0	7	4.199	4.2023	0	0	True	0.1383333	0	-0.01	4.2	0.0226	0	4.232	4.243	100	-0.046	4.199	0	0	0	0	0	0	0	0	0	0	0	0	0	0	0	17.2	0	0	0	0	0	0	0	0	0	0	0	0	0	0	0	0	0	0	0	0	0	0	0	0	0	0	0	0	0	0	0	0	0	0	
10/03/2022 09:00:02	0	0	11	14.99	15.03	0	0	17	4.198	4.2023	0	0	True	0.07833333	0	0	4.2	0.0226	0	4.232	4.243	100	-0.046	4.198	0	0	0	0	0	0	0	0	0	0	0	0	0	0	0	17.2	0	0	0	0	0	0	0	0	0	0	0	0	0	0	0	0	0	0	0	0	0	0	0	0	0	0	0	0	0	0	0	0	0	0	
10/03/2022 09:00:12	0	0	11	14.99	15.03	0	0	27	4.198	4.2023	0	0	True	0.04833333	0	-0.01	4.2	0.0226	0	4.232	4.243	100	-0.046	4.198	0	0	0	0	0	0	0	0	0	0	0	0	0	0	0	17.2	0	0	0	0	0	0	0	0	0	0	0	0	0	0	0	0	0	0	0	0	0	0	0	0	0	0	0	0	0	0	0	0	0	0	
10/03/2022 09:00:22	0	0	11	14.99	15.03	0	0	37	4.198	4.2023	0	0	True	0.03166667	0	0	4.2	0.0226	0	4.232	4.243	100	-0.046	4.198	0	0	0	0	0	0	0	0	0	0	0	0	0	0	0	17.2	0	0	0	0	0	0	0	0	0	0	0	0	0	0	0	0	0	0	0	0	0	0	0	0	0	0	0	0	0	0	0	0	0	0	
10/03/2022 09:00:33	0	0	11	14.99	15.03	0	0	47	4.197	4.2023	0	0	True	0.015	0	-0.01	4.2	0.0226	0	4.243	4.243	100	-0.046	4.197	0	0	0	0	0	0	0	0	0	0	0	0	0	0	0	17.2	0	0	0	0	0	0	0	0	0	0	0	0	0	0	0	0	0	0	0	0	0	0	0	0	0	0	0	0	0	0	0	0	0	0	
10/03/2022 09:00:43	0	0	11	14.99	15.03	0	0	57	4.197	4.2023	0	0	True	0	0	-0.015	4.2	0.0226	0	4.232	4.243	100	-0.046	4.197	0	0	0	0	0	0	0	0	0	0	0	0	0	0	0	17.2	0	0	0	0	0	0	0	0	0	0	0	0	0	0	0	0	0	0	0	0	0	0	0	0	0	0	0	0	0	0	0	0	0	0	
10/03/2022 09:00:53	0	0	8	14.99	15	0	3404	6	4.147	4.1473	0	0	False	-3.493333	-3.886667	-4.246666	4.25	0.0226	0.0051	4.186	4.186	-1	-0.046	4.147	0	0	0	0	0	0	0	0	0	0	0	0	0	0	0	17.2	0	0	0	0	0	0	0	0	0	0	0	0	0	0	0	0	0	0	0	0	0	0	0	0	0	0	0	0	0	0	0	0	0	0	
10/03/2022 09:01:03	0	0	8	14.99	15	0	3400	17	4.118	4.1185	0	0	False	-4.11	-4.246666	-4.246666	4.25	0.0226	0.0181	4.151	4.151	-1	-0.034	4.118	0	0	0	0	0	0	0	0	0	0	0	0	0	0	0	17.2	0	0	0	0	0	0	0	0	0	0	0	0	0	0	0	0	0	0	0	0	0	0	0	0	0	0	0	0	0	0	0	0	0	0	
10/03/2022 09:01:13	0	0	8	14.99	15	0	3398	27	4.102	4.1023	0	0	False	-4.171667	-4.25	-4.251667	4.25	0.0226	0.0299	4.14	4.14	-1	-0.034	4.102	0	0	0	0	0	0	0	0	0	0	0	0	0	0	0	17.2	0	0	0	0	0	0	0	0	0	0	0	0	0	0	0	0	0	0	0	0	0	0	0	0	0	0	0	0	0	0	0	0	0	0	
10/03/2022 09:01:23	0	0	8	14.99	15	0	3396	37	4.092	4.0922	0	0	False	-4.203333	-4.245	-4.223333	4.25	0.0226	0.0417	4.128	4.128	-1	-0.034	4.092	0	0	0	0	0	0	0	0	0	0	0	0	0	0	0	17.2	0	0	0	0	0	0	0	0	0	0	0	0	0	0	0	0	0	0	0	0	0	0	0	0	0	0	0	0	0	0	0	0	0	0	
10/03/2022 09:01:33	0	0	8	14.99	15	0	3388	47	4.082	4.0822	0	0	False	-4.22	-4.251667	-4.251667	4.25	0.0226	0.0535	4.117	4.117	-1	-0.046	4.082	0	0	0	0	0	0	0	0	0	0	0	0	0	0	0	17.2	0	0	0	0	0	0	0	0	0	0	0	0	0	0	0	0	0	0	0	0	0	0	0	0	0	0	0	0	0	0	0	0	0	0	
10/03/2022 09:01:43	0	0	8	14.99	15	0	3398	57	4.073	4.0735	0	0	False	-4.236667	-4.248333	-4.246666	4.25	0.0226	0.0653	4.117	4.105	-1	-0.034	4.073	0	0	0	0	0	0	0	0	0	0	0	0	0	0	0	17.2	0	0	0	0	0	0	0	0	0	0	0	0	0	0	0	0	0	0	0	0	0	0	0	0	0	0	0	0	0	0	0	0	0	0	
10/03/2022 09:01:53	0	0	8	14.99	15	0	3406	67	4.068	4.069	0	0	False	-4.248333	-4.245	-4.236667	4.25	0.0226	0.0771	4.105	4.116	-1	-0.034	4.068	0	0	0	0	0	0	0	0	0	0	0	0	0	0	0	17.2	0	0	0	0	0	0	0	0	0	0	0	0	0	0	0	0	0	0	0	0	0	0	0	0	0	0	0	0	0	0	0	0	0	0	
10/03/2022 09:02:03	0	0	8	14.99	15	0	3400	77	4.063	4.0635	0	0	False	-4.246666	-4.251667	-4.253334	4.25	0.0226	0.089	4.105	4.105	-1	-0.046	4.063	0	0	0	0	0	0	0	0	0	0	0	0	0	0	0	17.2	0	0	0	0	0	0	0	0	0	0	0	0	0	0	0	0	0	0	0	0	0	0	0	0	0	0	0	0	0	0	0	0	0	0	
10/03/2022 09:02:13	0	0	8	14.99	15	0	3396	87	4.058	4.0585	0	0	False	-4.248333	-4.253334	-4.246666	4.25	0.0226	0.1008	4.094	4.105	-1	-0.034	4.058	0	0	0	0	0	0	0	0	0	0	0	0	0	0	0	17.2	0	0	0	0	0	0	0	0	0	0	0	0	0	0	0	0	0	0	0	0	0	0	0	0	0	0	0	0	0	0	0	0	0	0	
10/03/2022 09:02:23	0	0	8	14.99	15	0	3400	97	4.054	4.0545	0	0	False	-4.251667	-4.246666	-4.241667	4.25	0.0226	0.1126	4.082	4.099	-1	-0.046	4.054	0	0	0	0	0	0	0	0	0	0	0	0	0	0	0	17.2	0	0	0	0	0	0	0	0	0	0	0	0	0	0	0	0	0	0	0	0	0	0	0	0	0	0	0	0	0	0	0	0	0	0	
10/03/2022 09:02:33	0	0	8	14.99	15	0	3404	107	4.05	4.0505	0	0	False	-4.248333	-4.245	-4.241667	4.25	0.0226	0.1244	4.082	4.094	-1	-0.034	4.05	0	0	0	0	0	0	0	0	0	0	0	0	0	0	0	17.2	0	0	0	0	0	0	0	0	0	0	0	0	0	0	0	0	0	0	0	0	0	0	0	0	0	0	0	0	0	0	0	0	0	0	
10/03/2022 09:02:43	0	0	8	14.99	15	0	3396	117	4.046	4.0469	0	0	False	-4.248333	-4.253334	-4.253334	4.25	0.0226	0.1362	4.082	4.094	-1	-0.034	4.046	0	0	0	0	0	0	0	0	0	0	0	0	0	0	0	17.2	0	0	0	0	0	0	0	0	0	0	0	0	0	0	0	0	0	0	0	0	0	0	0	0	0	0	0	0	0	0	0	0	0	0	
10/03/2022 09:02:54	0	0	8	14.99	15	0	3394	127	4.043	4.0435	0	0	False	-4.251667	-4.253334	-4.253334	4.25	0.0226	0.148	4.082	4.09	-1	-0.046	4.043	0	0	0	0	0	0	0	0	0	0	0	0	0	0	0	17.2	0	0	0	0	0	0	0	0	0	0	0	0	0	0	0	0	0	0	0	0	0	0	0	0	0	0	0	0	0	0	0	0	0	0	
10/03/2022 09:03:04	0	0	8	14.99	15	0	3406	137	4.04	4.0409	0	0	False	-4.246666	-4.246666	-4.241667	4.25	0.0226	0.1598	4.082	4.082	-1	-0.046	4.04	0	0	0	0	0	0	0	0	0	0	0	0	0	0	0	17.2	0	0	0	0	0	0	0	0	0	0	0	0	0	0	0	0	0	0	0	0	0	0	0	0	0	0	0	0	0	0	0	0	0	0	
10/03/2022 09:03:14	0	0	8	14.99	15	0	3394	147	4.038	4.0383	0	0	False	-4.248333	-4.25	-4.241667	4.25	0.0226	0.1716	4.082	4.082	-1	-0.034	4.038	0	0	0	0	0	0	0	0	0	0	0	0	0	0	0	17.2	0	0	0	0	0	0	0	0	0	0	0	0	0	0	0	0	0	0	0	0	0	0	0	0	0	0	0	0	0	0	0	0	0	0	
10/03/2022 09:03:24	0	0	8	14.99	15	0	3404	157	4.035	4.0357	0	0	False	-4.248333	-4.241667	-4.241667	4.25	0.0226	0.1834	4.071	4.082	-1	-0.034	4.035	0	0	0	0	0	0	0	0	0	0	0	0	0	0	0	17.2	0	0	0	0	0	0	0	0	0	0	0	0	0	0	0	0	0	0	0	0	0	0	0	0	0	0	0	0	0	0	0	0	0	0	
10/03/2022 09:03:34	0	0	8	14.99	15	0	3404	167	4.033	4.0335	0	0	False	-4.251667	-4.243333	-4.265	4.25	0.0226	0.1952	4.071	4.08	-1	-0.046	4.033	0	0	0	0	0	0	0	0	0	0	0	0	0	0	0	17.2	0	0	0	0	0	0	0	0	0	0	0	0	0	0	0	0	0	0	0	0	0	0	0	0	0	0	0	0	0	0	0	0	0	0	
10/03/2022 09:03:44	0	0	8	14.99	15	0	3408	177	4.03	4.031	0	0	False	-4.248333	-4.241667	-4.231667	4.25	0.0226	0.207	4.06	4.071	-1	-0.046	4.03	0	0	0	0	0	0	0	0	0	0	0	0	0	0	0	17.2	0	0	0	0	0	0	0	0	0	0	0	0	0	0	0	0	0	0	0	0	0	0	0	0	0	0	0	0	0	0	0	0	0	0	
10/03/2022 09:03:54	0	0	8	14.99	15	0	3394	187	4.028	4.0292	0	0	False	-4.248333	-4.251667	-4.241667	4.25	0.0226	0.2187	4.071	4.071	-1	-0.034	4.028	0	0	0	0	0	0	0	0	0	0	0	0	0	0	0	17.2	0	0	0	0	0	0	0	0	0	0	0	0	0	0	0	0	0	0	0	0	0	0	0	0	0	0	0	0	0	0	0	0	0	0	
10/03/2022 09:04:04	0	0	8	14.99	15	0	3398	197	4.027	4.0272	0	0	False	-4.246666	-4.251667	-4.236667	4.25	0.0226	0.2305	4.06	4.071	-1	-0.034	4.027	0	0	0	0	0	0	0	0	0	0	0	0	0	0	0	17.2	0	0	0	0	0	0	0	0	0	0	0	0	0	0	0	0	0	0	0	0	0	0	0	0	0	0	0	0	0	0	0	0	0	0	
10/03/2022 09:04:14	0	0	8	14.99	15	0	3400	207	4.025	4.0259	0	0	False	-4.248333	-4.248333	-4.22	4.25	0.0226	0.2423	4.071	4.071	-1	-0.034	4.025	0	0	0	0	0	0	0	0	0	0	0	0	0	0	0	17.2	0	0	0	0	0	0	0	0	0	0	0	0	0	0	0	0	0	0	0	0	0	0	0	0	0	0	0	0	0	0	0	0	0	0	
10/03/2022 09:04:24	0	0	8	14.99	15	0	3396	217	4.024	4.0243	0	0	False	-4.248333	-4.246666	-4.253334	4.25	0.0226	0.2541	4.06	4.069	-1	-0.034	4.024	0	0	0	0	0	0	0	0	0	0	0	0	0	0	0	17.2	0	0	0	0	0	0	0	0	0	0	0	0	0	0	0	0	0	0	0	0	0	0	0	0	0	0	0	0	0	0	0	0	0	0	
10/03/2022 09:04:34	0	0	8	14.99	15	0	3404	227	4.022	4.0222	0	0	False	-4.25	-4.245	-4.253334	4.25	0.0226	0.2659	4.06	4.068	-1	-0.046	4.022	0	0	0	0	0	0	0	0	0	0	0	0	0	0	0	17.2	0	0	0	0	0	0	0	0	0	0	0	0	0	0	0	0	0	0	0	0	0	0	0	0	0	0	0	0	0	0	0	0	0	0	
10/03/2022 09:04:44	0	0	8	14.98	15	0	3392	237	4.02	4.021	0	0	False	-4.246666	-4.251667	-4.265	4.25	0.0226	0.2777	4.06	4.06	-1	-0.046	4.02	0	0	0	0	0	0	0	0	0	0	0	0	0	0	0	17.2	0	0	0	0	0	0	0	0	0	0	0	0	0	0	0	0	0	0	0	0	0	0	0	0	0	0	0	0	0	0	0	0	0	0	
10/03/2022 09:04:54	0	0	8	14.99	15	0	3404	247	4.019	4.0197	0	0	False	-4.248333	-4.245	-4.235	4.25	0.0226	0.2895	4.06	4.06	-1	-0.046	4.019	0	0	0	0	0	0	0	0	0	0	0	0	0	0	0	17.2	0	0	0	0	0	0	0	0	0	0	0	0	0	0	0	0	0	0	0	0	0	0	0	0	0	0	0	0	0	0	0	0	0	0	
10/03/2022 09:05:04	0	0	8	14.98	15	0	3394	257	4.018	4.0185	0	0	False	-4.248333	-4.251667	-4.231667	4.25	0.0226	0.3013	4.06	4.06	-1	-0.046	4.018	0	0	0	0	0	0	0	0	0	0	0	0	0	0	0	17.2	0	0	0	0	0	0	0	0	0	0	0	0	0	0	0	0	0	0	0	0	0	0	0	0	0	0	0	0	0	0	0	0	0	0	
10/03/2022 09:05:14	0	0	8	14.98	15	0	3398	267	4.017	4.0172	0	0	False	-4.251667	-4.251667	-4.236667	4.25	0.0226	0.3132	4.06	4.06	-1	-0.046	4.017	0	0	0	0	0	0	0	0	0	0	0	0	0	0	0	17.2	0	0	0	0	0	0	0	0	0	0	0	0	0	0	0	0	0	0	0	0	0	0	0	0	0	0	0	0	0	0	0	0	0	0	
10/03/2022 09:05:25	0	0	8	14.98	15	0	3402	277	4.015	4.016	0	0	False	-4.248333	-4.248333	-4.236667	4.25	0.0226	0.3249	4.048	4.06	-1	-0.046	4.015	0	0	0	0	0	0	0	0	0	0	0	0	0	0	0	17.2	0	0	0	0	0	0	0	0	0	0	0	0	0	0	0	0	0	0	0	0	0	0	0	0	0	0	0	0	0	0	0	0	0	0	
10/03/2022 09:05:35	0	0	8	14.98	15	0	3396	287	4.014	4.0147	0	0	False	-4.245	-4.248333	-4.236667	4.25	0.0226	0.3368	4.048	4.06	-1	-0.046	4.014	0	0	0	0	0	0	0	0	0	0	0	0	0	0	0	17.2	0	0	0	0	0	0	0	0	0	0	0	0	0	0	0	0	0	0	0	0	0	0	0	0	0	0	0	0	0	0	0	0	0	0	
10/03/2022 09:05:45	0	0	8	14.98	15	0	3400	297	4.013	4.0135	0	0	False	-4.246666	-4.245	-4.231667	4.25	0.0226	0.3486	4.048	4.06	-1	-0.034	4.013	0	0	0	0	0	0	0	0	0	0	0	0	0	0	0	17.2	0	0	0	0	0	0	0	0	0	0	0	0	0	0	0	0	0	0	0	0	0	0	0	0	0	0	0	0	0	0	0	0	0	0	
10/03/2022 09:05:55	0	0	8	14.99	15	0	3400	307	4.012	4.0122	0	0	False	-4.245	-4.253334	-4.265	4.25	0.0226	0.3604	4.048	4.06	-1	-0.034	4.012	0	0	0	0	0	0	0	0	0	0	0	0	0	0	0	17.2	0	0	0	0	0	0	0	0	0	0	0	0	0	0	0	0	0	0	0	0	0	0	0	0	0	0	0	0	0	0	0	0	0	0	
10/03/2022 09:06:05	0	0	8	14.98	15	0	3400	317	4.011	4.0118	0	0	False	-4.246666	-4.246666	-4.253334	4.25	0.0226	0.3722	4.048	4.055	-1	-0.046	4.011	0	0	0	0	0	0	0	0	0	0	0	0	0	0	0	17.2	0	0	0	0	0	0	0	0	0	0	0	0	0	0	0	0	0	0	0	0	0	0	0	0	0	0	0	0	0	0	0	0	0	0	
10/03/2022 09:06:15	0	0	8	14.99	15	0	3404	327	4.01	4.0106	0	0	False	-4.243333	-4.245	-4.231667	4.25	0.0226	0.384	4.048	4.048	-1	-0.046	4.01	0	0	0	0	0	0	0	0	0	0	0	0	0	0	0	17.2	0	0	0	0	0	0	0	0	0	0	0	0	0	0	0	0	0	0	0	0	0	0	0	0	0	0	0	0	0	0	0	0	0	0	
10/03/2022 09:06:25	0	0	8	14.98	15	0	3402	337	4.009	4.0097	0	0	False	-4.246666	-4.248333	-4.258333	4.25	0.0226	0.3958	4.048	4.048	-1	-0.046	4.009	0	0	0	0	0	0	0	0	0	0	0	0	0	0	0	17.2	0	0	0	0	0	0	0	0	0	0	0	0	0	0	0	0	0	0	0	0	0	0	0	0	0	0	0	0	0	0	0	0	0	0	
10/03/2022 09:06:35	0	0	8	14.99	15	0	3390	347	4.008	4.0085	0	0	False	-4.245	-4.253334	-4.265	4.25	0.0226	0.4076	4.048	4.048	-1	-0.034	4.008	0	0	0	0	0	0	0	0	0	0	0	0	0	0	0	17.2	0	0	0	0	0	0	0	0	0	0	0	0	0	0	0	0	0	0	0	0	0	0	0	0	0	0	0	0	0	0	0	0	0	0	
10/03/2022 09:06:45	0	0	8	14.98	15	0	3402	357	4.007	4.0072	0	0	False	-4.246666	-4.25	-4.28	4.25	0.0226	0.4194	4.048	4.048	-1	-0.034	4.007	0	0	0	0	0	0	0	0	0	0	0	0	0	0	0	17.2	0	0	0	0	0	0	0	0	0	0	0	0	0	0	0	0	0	0	0	0	0	0	0	0	0	0	0	0	0	0	0	0	0	0	
10/03/2022 09:06:55	0	0	8	14.98	15	0	3396	367	4.005	4.006	0	0	False	-4.243333	-4.25	-4.265	4.25	0.0226	0.4312	4.048	4.048	-1	-0.034	4.005	0	0	0	0	0	0	0	0	0	0	0	0	0	0	0	17.2	0	0	0	0	0	0	0	0	0	0	0	0	0	0	0	0	0	0	0	0	0	0	0	0	0	0	0	0	0	0	0	0	0	0	
10/03/2022 09:07:05	0	0	8	14.99	15	0	3408	377	4.005	4.0058	0	0	False	-4.246666	-4.241667	-4.241667	4.25	0.0226	0.443	4.037	4.048	-1	-0.034	4.005	0	0	0	0	0	0	0	0	0	0	0	0	0	0	0	17.2	0	0	0	0	0	0	0	0	0	0	0	0	0	0	0	0	0	0	0	0	0	0	0	0	0	0	0	0	0	0	0	0	0	0	
10/03/2022 09:07:15	0	0	8	14.98	15	0	3402	387	4.004	4.0046	0	0	False	-4.246666	-4.243333	-4.215	4.25	0.0226	0.4548	4.037	4.048	-1	-0.034	4.004	0	0	0	0	0	0	0	0	0	0	0	0	0	0	0	17.2	0	0	0	0	0	0	0	0	0	0	0	0	0	0	0	0	0	0	0	0	0	0	0	0	0	0	0	0	0	0	0	0	0	0	
10/03/2022 09:07:25	0	0	8	14.99	15	0	3398	397	4.003	4.0035	0	0	False	-4.248333	-4.251667	-4.258333	4.25	0.0226	0.4666	4.037	4.048	-1	-0.046	4.003	0	0	0	0	0	0	0	0	0	0	0	0	0	0	0	17.2	0	0	0	0	0	0	0	0	0	0	0	0	0	0	0	0	0	0	0	0	0	0	0	0	0	0	0	0	0	0	0	0	0	0	
10/03/2022 09:07:35	0	0	8	14.98	15	0	3410	407	4.002	4.0022	0	0	False	-4.246666	-4.241667	-4.236667	4.25	0.0226	0.4784	4.037	4.048	-1	-0.034	4.002	0	0	0	0	0	0	0	0	0	0	0	0	0	0	0	17.2	0	0	0	0	0	0	0	0	0	0	0	0	0	0	0	0	0	0	0	0	0	0	0	0	0	0	0	0	0	0	0	0	0	0	
10/03/2022 09:07:45	0	0	8	14.99	15	0	3404	417	4	4.001	0	0	False	-4.246666	-4.246666	-4.258333	4.25	0.0226	0.4902	4.037	4.047	-1	-0.034	4	0	0	0	0	0	0	0	0	0	0	0	0	0	0	0	17.2	0	0	0	0	0	0	0	0	0	0	0	0	0	0	0	0	0	0	0	0	0	0	0	0	0	0	0	0	0	0	0	0	0	0	
10/03/2022 09:07:55	0	0	8	14.98	15	0	3394	427	3.999	3.9997	0	0	False	-4.248333	-4.253334	-4.253334	4.25	0.0226	0.502	4.037	4.037	-1	-0.034	3.999	0	0	0	0	0	0	0	0	0	0	0	0	0	0	0	17.2	0	0	0	0	0	0	0	0	0	0	0	0	0	0	0	0	0	0	0	0	0	0	0	0	0	0	0	0	0	0	0	0	0	0	
10/03/2022 09:08:05	0	0	8	14.98	15	0	3392	437	3.998	3.9985	0	0	False	-4.246666	-4.25	-4.253334	4.25	0.0226	0.5138	4.037	4.037	-1	-0.023	3.998	0	0	0	0	0	0	0	0	0	0	0	0	0	0	0	17.2	0	0	0	0	0	0	0	0	0	0	0	0	0	0	0	0	0	0	0	0	0	0	0	0	0	0	0	0	0	0	0	0	0	0	
10/03/2022 09:08:16	0	0	8	14.98	15	0	3394	447	3.997	3.9972	0	0	False	-4.248333	-4.253334	-4.253334	4.25	0.0226	0.5256	4.037	4.037	-1	-0.046	3.997	0	0	0	0	0	0	0	0	0	0	0	0	0	0	0	17.2	0	0	0	0	0	0	0	0	0	0	0	0	0	0	0	0	0	0	0	0	0	0	0	0	0	0	0	0	0	0	0	0	0	0	
10/03/2022 09:08:26	0	0	8	14.98	15	0	3404	457	3.996	3.9961	0	0	False	-4.251667	-4.243333	-4.253334	4.25	0.0226	0.5374	4.025	4.037	-1	-0.034	3.996	0	0	0	0	0	0	0	0	0	0	0	0	0	0	0	17.2	0	0	0	0	0	0	0	0	0	0	0	0	0	0	0	0	0	0	0	0	0	0	0	0	0	0	0	0	0	0	0	0	0	0	
10/03/2022 09:08:36	0	0	8	14.98	15	0	3406	467	3.994	3.9951	0	0	False	-4.248333	-4.241667	-4.22	4.25	0.0226	0.5492	4.025	4.037	-1	-0.034	3.994	0	0	0	0	0	0	0	0	0	0	0	0	0	0	0	17.2	0	0	0	0	0	0	0	0	0	0	0	0	0	0	0	0	0	0	0	0	0	0	0	0	0	0	0	0	0	0	0	0	0	0	
10/03/2022 09:08:46	0	0	8	14.98	15	0	3402	477	3.993	3.9936	0	0	False	-4.25	-4.248333	-4.253334	4.25	0.0226	0.561	4.037	4.037	-1	-0.046	3.993	0	0	0	0	0	0	0	0	0	0	0	0	0	0	0	17.2	0	0	0	0	0	0	0	0	0	0	0	0	0	0	0	0	0	0	0	0	0	0	0	0	0	0	0	0	0	0	0	0	0	0	
10/03/2022 09:08:56	0	0	8	14.98	15	0	3400	487	3.992	3.9922	0	0	False	-4.248333	-4.25	-4.253334	4.25	0.0226	0.5728	4.025	4.037	-1	-0.034	3.992	0	0	0	0	0	0	0	0	0	0	0	0	0	0	0	17.2	0	0	0	0	0	0	0	0	0	0	0	0	0	0	0	0	0	0	0	0	0	0	0	0	0	0	0	0	0	0	0	0	0	0	
10/03/2022 09:09:06	0	0	8	14.98	15	0	3404	497	3.99	3.991	0	0	False	-4.248333	-4.248333	-4.246666	4.25	0.0226	0.5846	4.025	4.035	-1	-0.034	3.99	0	0	0	0	0	0	0	0	0	0	0	0	0	0	0	17.2	0	0	0	0	0	0	0	0	0	0	0	0	0	0	0	0	0	0	0	0	0	0	0	0	0	0	0	0	0	0	0	0	0	0	
10/03/2022 09:09:16	0	0	8	14.98	15	0	3406	507	3.989	3.9897	0	0	False	-4.251667	-4.245	-4.265	4.25	0.0226	0.5964	4.025	4.034	-1	-0.034	3.989	0	0	0	0	0	0	0	0	0	0	0	0	0	0	0	17.2	0	0	0	0	0	0	0	0	0	0	0	0	0	0	0	0	0	0	0	0	0	0	0	0	0	0	0	0	0	0	0	0	0	0	
10/03/2022 09:09:26	0	0	8	14.99	15	0	3402	518	3.988	3.9885	0	0	False	-4.243333	-4.246666	-4.258333	4.25	0.0226	0.6094	4.025	4.025	-1	-0.034	3.988	0	0	0	0	0	0	0	0	0	0	0	0	0	0	0	17.2	0	0	0	0	0	0	0	0	0	0	0	0	0	0	0	0	0	0	0	0	0	0	0	0	0	0	0	0	0	0	0	0	0	0	
10/03/2022 09:09:36	0	0	8	14.98	15	0	3406	528	3.986	3.9871	0	0	False	-4.245	-4.241667	-4.231667	4.25	0.0226	0.6212	4.025	4.025	-1	-0.046	3.986	0	0	0	0	0	0	0	0	0	0	0	0	0	0	0	17.2	0	0	0	0	0	0	0	0	0	0	0	0	0	0	0	0	0	0	0	0	0	0	0	0	0	0	0	0	0	0	0	0	0	0	
10/03/2022 09:09:46	0	0	8	14.98	15	0	3402	538	3.984	3.9847	0	0	False	-4.248333	-4.251667	-4.236667	4.25	0.0226	0.633	4.025	4.025	-1	-0.034	3.984	0	0	0	0	0	0	0	0	0	0	0	0	0	0	0	17.2	0	0	0	0	0	0	0	0	0	0	0	0	0	0	0	0	0	0	0	0	0	0	0	0	0	0	0	0	0	0	0	0	0	0	
10/03/2022 09:09:56	0	0	8	14.99	15	0	3400	548	3.983	3.9835	0	0	False	-4.248333	-4.246666	-4.253334	4.25	0.0226	0.6448	4.025	4.025	-1	-0.034	3.983	0	0	0	0	0	0	0	0	0	0	0	0	0	0	0	17.2	0	0	0	0	0	0	0	0	0	0	0	0	0	0	0	0	0	0	0	0	0	0	0	0	0	0	0	0	0	0	0	0	0	0	
10/03/2022 09:10:07	0	0	8	14.98	15	0	3402	558	3.981	3.9815	0	0	False	-4.25	-4.245	-4.265	4.25	0.0226	0.6566	4.014	4.025	-1	-0.034	3.981	0	0	0	0	0	0	0	0	0	0	0	0	0	0	0	17.2	0	0	0	0	0	0	0	0	0	0	0	0	0	0	0	0	0	0	0	0	0	0	0	0	0	0	0	0	0	0	0	0	0	0	
10/03/2022 09:10:17	0	0	8	14.98	15	0	3394	568	3.979	3.9797	0	0	False	-4.248333	-4.255	-4.241667	4.25	0.0226	0.6684	4.014	4.025	-1	-0.034	3.979	0	0	0	0	0	0	0	0	0	0	0	0	0	0	0	17.2	0	0	0	0	0	0	0	0	0	0	0	0	0	0	0	0	0	0	0	0	0	0	0	0	0	0	0	0	0	0	0	0	0	0	
10/03/2022 09:10:27	0	0	8	14.99	15	0	3408	578	3.978	3.9782	0	0	False	-4.248333	-4.243333	-4.253334	4.25	0.0226	0.6802	4.014	4.019	-1	-0.034	3.978	0	0	0	0	0	0	0	0	0	0	0	0	0	0	0	17.2	0	0	0	0	0	0	0	0	0	0	0	0	0	0	0	0	0	0	0	0	0	0	0	0	0	0	0	0	0	0	0	0	0	0	
10/03/2022 09:10:37	0	0	8	14.99	15	0	3398	588	3.975	3.976	0	0	False	-4.25	-4.25	-4.265	4.25	0.0226	0.692	4.014	4.014	-1	-0.046	3.975	0	0	0	0	0	0	0	0	0	0	0	0	0	0	0	17.2	0	0	0	0	0	0	0	0	0	0	0	0	0	0	0	0	0	0	0	0	0	0	0	0	0	0	0	0	0	0	0	0	0	0	
10/03/2022 09:10:47	0	0	8	14.98	15	0	3398	598	3.973	3.9735	0	0	False	-4.248333	-4.25	-4.241667	4.25	0.0226	0.7038	4.002	4.014	-1	-0.034	3.973	0	0	0	0	0	0	0	0	0	0	0	0	0	0	0	17.2	0	0	0	0	0	0	0	0	0	0	0	0	0	0	0	0	0	0	0	0	0	0	0	0	0	0	0	0	0	0	0	0	0	0	
10/03/2022 09:10:57	0	0	8	14.98	15	0	3396	608	3.971	3.9712	0	0	False	-4.25	-4.25	-4.253334	4.25	0.0226	0.7156	4.002	4.014	-1	-0.034	3.971	0	0	0	0	0	0	0	0	0	0	0	0	0	0	0	17.2	0	0	0	0	0	0	0	0	0	0	0	0	0	0	0	0	0	0	0	0	0	0	0	0	0	0	0	0	0	0	0	0	0	0	
10/03/2022 09:11:07	0	0	8	14.98	15	0	3406	618	3.968	3.9685	0	0	False	-4.245	-4.245	-4.241667	4.25	0.0226	0.7274	4.002	4.013	-1	-0.034	3.968	0	0	0	0	0	0	0	0	0	0	0	0	0	0	0	17.2	0	0	0	0	0	0	0	0	0	0	0	0	0	0	0	0	0	0	0	0	0	0	0	0	0	0	0	0	0	0	0	0	0	0	
10/03/2022 09:11:17	0	0	8	14.98	15	0	3406	628	3.965	3.966	0	0	False	-4.248333	-4.248333	-4.241667	4.25	0.0226	0.7392	4.002	4.007	-1	-0.034	3.965	0	0	0	0	0	0	0	0	0	0	0	0	0	0	0	17.2	0	0	0	0	0	0	0	0	0	0	0	0	0	0	0	0	0	0	0	0	0	0	0	0	0	0	0	0	0	0	0	0	0	0	
10/03/2022 09:11:27	0	0	8	14.98	15	0	3400	638	3.963	3.9638	0	0	False	-4.246666	-4.246666	-4.241667	4.25	0.0226	0.751	3.991	4.002	-1	-0.046	3.963	0	0	0	0	0	0	0	0	0	0	0	0	0	0	0	17.2	0	0	0	0	0	0	0	0	0	0	0	0	0	0	0	0	0	0	0	0	0	0	0	0	0	0	0	0	0	0	0	0	0	0	
10/03/2022 09:11:37	0	0	8	14.98	15	0	3412	648	3.96	3.961	0	0	False	-4.246666	-4.241667	-4.241667	4.25	0.0226	0.7628	4.002	4.002	-1	-0.046	3.96	0	0	0	0	0	0	0	0	0	0	0	0	0	0	0	17.2	0	0	0	0	0	0	0	0	0	0	0	0	0	0	0	0	0	0	0	0	0	0	0	0	0	0	0	0	0	0	0	0	0	0	
10/03/2022 09:11:47	0	0	8	14.98	15	0	3406	658	3.958	3.9582	0	0	False	-4.248333	-4.246666	-4.276667	4.25	0.0226	0.7746	3.991	4.001	-1	-0.023	3.958	0	0	0	0	0	0	0	0	0	0	0	0	0	0	0	17.2	0	0	0	0	0	0	0	0	0	0	0	0	0	0	0	0	0	0	0	0	0	0	0	0	0	0	0	0	0	0	0	0	0	0	
10/03/2022 09:11:57	0	0	8	14.98	15	0	3404	668	3.955	3.9557	0	0	False	-4.25	-4.243333	-4.253334	4.25	0.0226	0.7864	3.979	3.993	-1	-0.034	3.955	0	0	0	0	0	0	0	0	0	0	0	0	0	0	0	17.2	0	0	0	0	0	0	0	0	0	0	0	0	0	0	0	0	0	0	0	0	0	0	0	0	0	0	0	0	0	0	0	0	0	0	
10/03/2022 09:12:08	0	0	8	14.98	15	0	3402	678	3.952	3.9522	0	0	False	-4.251667	-4.248333	-4.22	4.25	0.0226	0.7982	3.991	3.991	-1	-0.046	3.952	0	0	0	0	0	0	0	0	0	0	0	0	0	0	0	17.2	0	0	0	0	0	0	0	0	0	0	0	0	0	0	0	0	0	0	0	0	0	0	0	0	0	0	0	0	0	0	0	0	0	0	
10/03/2022 09:12:18	0	0	8	14.98	15	0	3400	688	3.949	3.9495	0	0	False	-4.25	-4.251667	-4.253334	4.25	0.0226	0.81	3.991	3.991	-1	-0.034	3.949	0	0	0	0	0	0	0	0	0	0	0	0	0	0	0	17.2	0	0	0	0	0	0	0	0	0	0	0	0	0	0	0	0	0	0	0	0	0	0	0	0	0	0	0	0	0	0	0	0	0	0	
10/03/2022 09:12:28	0	0	8	14.98	15	0	3404	698	3.945	3.946	0	0	False	-4.245	-4.241667	-4.265	4.25	0.0226	0.8218	3.979	3.988	-1	-0.034	3.945	0	0	0	0	0	0	0	0	0	0	0	0	0	0	0	17.2	0	0	0	0	0	0	0	0	0	0	0	0	0	0	0	0	0	0	0	0	0	0	0	0	0	0	0	0	0	0	0	0	0	0	
10/03/2022 09:12:38	0	0	8	14.98	15	0	3402	708	3.941	3.9415	0	0	False	-4.251667	-4.241667	-4.215	4.25	0.0226	0.8336	3.979	3.979	-1	-0.034	3.941	0	0	0	0	0	0	0	0	0	0	0	0	0	0	0	17.2	0	0	0	0	0	0	0	0	0	0	0	0	0	0	0	0	0	0	0	0	0	0	0	0	0	0	0	0	0	0	0	0	0	0	
10/03/2022 09:12:48	0	0	8	14.98	15	0	3404	718	3.938	3.9384	0	0	False	-4.248333	-4.248333	-4.258333	4.25	0.0226	0.8454	3.968	3.979	-1	-0.034	3.938	0	0	0	0	0	0	0	0	0	0	0	0	0	0	0	17.2	0	0	0	0	0	0	0	0	0	0	0	0	0	0	0	0	0	0	0	0	0	0	0	0	0	0	0	0	0	0	0	0	0	0	
10/03/2022 09:12:58	0	0	8	14.98	15	0	3402	728	3.934	3.9347	0	0	False	-4.246666	-4.25	-4.258333	4.25	0.0226	0.8572	3.956	3.979	-1	-0.034	3.934	0	0	0	0	0	0	0	0	0	0	0	0	0	0	0	17.2	0	0	0	0	0	0	0	0	0	0	0	0	0	0	0	0	0	0	0	0	0	0	0	0	0	0	0	0	0	0	0	0	0	0	
10/03/2022 09:13:08	0	0	8	14.98	15	0	3398	738	3.93	3.931	0	0	False	-4.248333	-4.248333	-4.253334	4.25	0.0226	0.869	3.956	3.968	-1	-0.034	3.93	0	0	0	0	0	0	0	0	0	0	0	0	0	0	0	17.2	0	0	0	0	0	0	0	0	0	0	0	0	0	0	0	0	0	0	0	0	0	0	0	0	0	0	0	0	0	0	0	0	0	0	
10/03/2022 09:13:18	0	0	8	14.98	15	0	3404	748	3.927	3.9281	0	0	False	-4.246666	-4.245	-4.265	4.25	0.0226	0.8808	3.968	3.968	-1	-0.034	3.927	0	0	0	0	0	0	0	0	0	0	0	0	0	0	0	17.2	0	0	0	0	0	0	0	0	0	0	0	0	0	0	0	0	0	0	0	0	0	0	0	0	0	0	0	0	0	0	0	0	0	0	
10/03/2022 09:13:28	0	0	8	14.98	15	0	3394	758	3.924	3.9245	0	0	False	-4.246666	-4.253334	-4.253334	4.25	0.0226	0.8926	3.968	3.968	-1	-0.034	3.924	0	0	0	0	0	0	0	0	0	0	0	0	0	0	0	17.2	0	0	0	0	0	0	0	0	0	0	0	0	0	0	0	0	0	0	0	0	0	0	0	0	0	0	0	0	0	0	0	0	0	0	
10/03/2022 09:13:38	0	0	8	14.98	15	0	3404	768	3.92	3.921	0	0	False	-4.246666	-4.245	-4.253334	4.25	0.0226	0.9056	3.956	3.961	-1	-0.034	3.92	0	0	0	0	0	0	0	0	0	0	0	0	0	0	0	17.2	0	0	0	0	0	0	0	0	0	0	0	0	0	0	0	0	0	0	0	0	0	0	0	0	0	0	0	0	0	0	0	0	0	0	
10/03/2022 09:13:48	0	0	8	14.98	15	0	3398	779	3.917	3.9172	0	0	False	-4.251667	-4.251667	-4.258333	4.25	0.0226	0.9174	3.956	3.956	-1	-0.034	3.917	0	0	0	0	0	0	0	0	0	0	0	0	0	0	0	17.2	0	0	0	0	0	0	0	0	0	0	0	0	0	0	0	0	0	0	0	0	0	0	0	0	0	0	0	0	0	0	0	0	0	0	
10/03/2022 09:13:58	0	0	8	14.98	15	0	3404	789	3.913	3.9135	0	0	False	-4.245	-4.241667	-4.241667	4.25	0.0226	0.9292	3.945	3.956	-1	-0.046	3.913	0	0	0	0	0	0	0	0	0	0	0	0	0	0	0	17.2	0	0	0	0	0	0	0	0	0	0	0	0	0	0	0	0	0	0	0	0	0	0	0	0	0	0	0	0	0	0	0	0	0	0	
10/03/2022 09:14:09	0	0	8	14.98	15	0	3390	799	3.909	3.9097	0	0	False	-4.25	-4.251667	-4.208333	4.25	0.0226	0.941	3.933	3.952	-1	-0.034	3.909	0	0	0	0	0	0	0	0	0	0	0	0	0	0	0	17.2	0	0	0	0	0	0	0	0	0	0	0	0	0	0	0	0	0	0	0	0	0	0	0	0	0	0	0	0	0	0	0	0	0	0	
10/03/2022 09:14:19	0	0	8	14.98	15	0	3406	809	3.906	3.9063	0	0	False	-4.245	-4.241667	-4.276667	4.25	0.0226	0.9528	3.945	3.945	-1	-0.046	3.906	0	0	0	0	0	0	0	0	0	0	0	0	0	0	0	17.2	0	0	0	0	0	0	0	0	0	0	0	0	0	0	0	0	0	0	0	0	0	0	0	0	0	0	0	0	0	0	0	0	0	0	
10/03/2022 09:14:29	0	0	8	14.98	15	0	3404	819	3.902	3.9027	0	0	False	-4.248333	-4.246666	-4.241667	4.25	0.0226	0.9646	3.933	3.945	-1	-0.034	3.902	0	0	0	0	0	0	0	0	0	0	0	0	0	0	0	17.2	0	0	0	0	0	0	0	0	0	0	0	0	0	0	0	0	0	0	0	0	0	0	0	0	0	0	0	0	0	0	0	0	0	0	
10/03/2022 09:14:39	0	0	8	14.98	15	0	3408	829	3.899	3.8993	0	0	False	-4.25	-4.245	-4.241667	4.25	0.0226	0.9764	3.933	3.941	-1	-0.034	3.899	0	0	0	0	0	0	0	0	0	0	0	0	0	0	0	17.2	0	0	0	0	0	0	0	0	0	0	0	0	0	0	0	0	0	0	0	0	0	0	0	0	0	0	0	0	0	0	0	0	0	0	
10/03/2022 09:14:49	0	0	8	14.98	15	0	3404	839	3.895	3.8958	0	0	False	-4.248333	-4.248333	-4.231667	4.25	0.0226	0.9882	3.933	3.933	-1	-0.046	3.895	0	0	0	0	0	0	0	0	0	0	0	0	0	0	0	17.2	0	0	0	0	0	0	0	0	0	0	0	0	0	0	0	0	0	0	0	0	0	0	0	0	0	0	0	0	0	0	0	0	0	0	
10/03/2022 09:14:59	0	0	8	14.98	15	0	3400	849	3.891	3.8921	0	0	False	-4.25	-4.251667	-4.263333	4.25	0.0226	1	3.922	3.933	-1	-0.034	3.891	0	0	0	0	0	0	0	0	0	0	0	0	0	0	0	17.2	0	0	0	0	0	0	0	0	0	0	0	0	0	0	0	0	0	0	0	0	0	0	0	0	0	0	0	0	0	0	0	0	0	0	
10/03/2022 09:15:09	0	0	8	14.98	15	0	3400	859	3.888	3.8887	0	0	False	-4.246666	-4.246666	-4.241667	4.25	0.0226	1.0118	3.922	3.931	-1	-0.034	3.888	0	0	0	0	0	0	0	0	0	0	0	0	0	0	0	17.2	0	0	0	0	0	0	0	0	0	0	0	0	0	0	0	0	0	0	0	0	0	0	0	0	0	0	0	0	0	0	0	0	0	0	
10/03/2022 09:15:19	0	0	8	14.98	15	0	3406	869	3.885	3.8856	0	0	False	-4.246666	-4.245	-4.28	4.25	0.0226	1.0236	3.922	3.922	-1	-0.023	3.885	0	0	0	0	0	0	0	0	0	0	0	0	0	0	0	17.2	0	0	0	0	0	0	0	0	0	0	0	0	0	0	0	0	0	0	0	0	0	0	0	0	0	0	0	0	0	0	0	0	0	0	
10/03/2022 09:15:29	0	0	8	14.98	15	0	3400	879	3.881	3.8821	0	0	False	-4.245	-4.248333	-4.263333	4.25	0.0226	1.0354	3.91	3.922	-1	-0.034	3.881	0	0	0	0	0	0	0	0	0	0	0	0	0	0	0	17.2	0	0	0	0	0	0	0	0	0	0	0	0	0	0	0	0	0	0	0	0	0	0	0	0	0	0	0	0	0	0	0	0	0	0	
10/03/2022 09:15:39	0	0	8	14.98	15	0	3398	889	3.878	3.8784	0	0	False	-4.248333	-4.253334	-4.258333	4.25	0.0226	1.0472	3.91	3.922	-1	-0.034	3.878	0	0	0	0	0	0	0	0	0	0	0	0	0	0	0	17.2	0	0	0	0	0	0	0	0	0	0	0	0	0	0	0	0	0	0	0	0	0	0	0	0	0	0	0	0	0	0	0	0	0	0	
10/03/2022 09:15:49	0	0	8	14.98	15	0	3398	899	3.875	3.8759	0	0	False	-4.248333	-4.251667	-4.231667	4.25	0.0226	1.059	3.91	3.91	-1	-0.034	3.875	0	0	0	0	0	0	0	0	0	0	0	0	0	0	0	17.2	0	0	0	0	0	0	0	0	0	0	0	0	0	0	0	0	0	0	0	0	0	0	0	0	0	0	0	0	0	0	0	0	0	0	
10/03/2022 09:15:59	0	0	8	14.98	15	0	3400	909	3.872	3.8722	0	0	False	-4.246666	-4.245	-4.258333	4.25	0.0226	1.0708	3.899	3.91	-1	-0.046	3.872	0	0	0	0	0	0	0	0	0	0	0	0	0	0	0	17.2	0	0	0	0	0	0	0	0	0	0	0	0	0	0	0	0	0	0	0	0	0	0	0	0	0	0	0	0	0	0	0	0	0	0	
10/03/2022 09:16:09	0	0	8	14.98	15	0	3410	919	3.869	3.8695	0	0	False	-4.246666	-4.241667	-4.241667	4.25	0.0226	1.0826	3.899	3.91	-1	-0.046	3.869	0	0	0	0	0	0	0	0	0	0	0	0	0	0	0	17.2	0	0	0	0	0	0	0	0	0	0	0	0	0	0	0	0	0	0	0	0	0	0	0	0	0	0	0	0	0	0	0	0	0	0	
10/03/2022 09:16:19	0	0	8	14.98	15	0	3408	929	3.865	3.866	0	0	False	-4.248333	-4.243333	-4.231667	4.25	0.0226	1.0944	3.91	3.91	-1	-0.034	3.865	0	0	0	0	0	0	0	0	0	0	0	0	0	0	0	17.2	0	0	0	0	0	0	0	0	0	0	0	0	0	0	0	0	0	0	0	0	0	0	0	0	0	0	0	0	0	0	0	0	0	0	
10/03/2022 09:16:29	0	0	8	14.98	15	0	3398	939	3.863	3.8634	0	0	False	-4.246666	-4.251667	-4.265	4.25	0.0226	1.1062	3.899	3.902	-1	-0.034	3.863	0	0	0	0	0	0	0	0	0	0	0	0	0	0	0	17.2	0	0	0	0	0	0	0	0	0	0	0	0	0	0	0	0	0	0	0	0	0	0	0	0	0	0	0	0	0	0	0	0	0	0	
10/03/2022 09:16:39	0	0	8	14.98	15	0	3398	949	3.86	3.8606	0	0	False	-4.245	-4.25	-4.258333	4.25	0.0226	1.118	3.899	3.899	-1	-0.046	3.86	0	0	0	0	0	0	0	0	0	0	0	0	0	0	0	17.2	0	0	0	0	0	0	0	0	0	0	0	0	0	0	0	0	0	0	0	0	0	0	0	0	0	0	0	0	0	0	0	0	0	0	
10/03/2022 09:16:50	0	0	8	14.98	15	0	3400	959	3.857	3.8577	0	0	False	-4.251667	-4.248333	-4.235	4.25	0.0226	1.1298	3.888	3.899	-1	-0.034	3.857	0	0	0	0	0	0	0	0	0	0	0	0	0	0	0	17.2	0	0	0	0	0	0	0	0	0	0	0	0	0	0	0	0	0	0	0	0	0	0	0	0	0	0	0	0	0	0	0	0	0	0	
10/03/2022 09:17:00	0	0	8	14.98	15	0	3416	969	3.854	3.8547	0	0	False	-4.248333	-4.24	-4.236667	4.25	0.0226	1.1416	3.888	3.898	-1	-0.034	3.854	0	0	0	0	0	0	0	0	0	0	0	0	0	0	0	17.2	0	0	0	0	0	0	0	0	0	0	0	0	0	0	0	0	0	0	0	0	0	0	0	0	0	0	0	0	0	0	0	0	0	0	
10/03/2022 09:17:10	0	0	8	14.98	15	0	3404	979	3.852	3.8522	0	0	False	-4.248333	-4.245	-4.258333	4.25	0.0226	1.1534	3.876	3.888	-1	-0.023	3.852	0	0	0	0	0	0	0	0	0	0	0	0	0	0	0	17.2	0	0	0	0	0	0	0	0	0	0	0	0	0	0	0	0	0	0	0	0	0	0	0	0	0	0	0	0	0	0	0	0	0	0	
10/03/2022 09:17:20	0	0	8	14.98	15	0	3400	989	3.849	3.8497	0	0	False	-4.248333	-4.25	-4.258333	4.25	0.0226	1.1652	3.876	3.888	-1	-0.046	3.849	0	0	0	0	0	0	0	0	0	0	0	0	0	0	0	17.2	0	0	0	0	0	0	0	0	0	0	0	0	0	0	0	0	0	0	0	0	0	0	0	0	0	0	0	0	0	0	0	0	0	0	
10/03/2022 09:17:30	0	0	8	14.98	15	0	3396	997	3.847	3.8472	0	0	False	-4.248333	-4.253334	-4.253334	4.25	0.0226	1.1746	3.876	3.888	-1	-0.034	3.847	0	0	0	0	0	0	0	0	0	0	0	0	0	0	0	17.2	0	0	0	0	0	0	0	0	0	0	0	0	0	0	0	0	0	0	0	0	0	0	0	0	0	0	0	0	0	0	0	0	0	0	
10/03/2022 09:17:40	0	0	8	14.98	15	0	3400	1009	3.844	3.8447	0	0	False	-4.246666	-4.248333	-4.258333	4.25	0.0226	1.1888	3.876	3.887	-1	-0.034	3.844	0	0	0	0	0	0	0	0	0	0	0	0	0	0	0	17.2	0	0	0	0	0	0	0	0	0	0	0	0	0	0	0	0	0	0	0	0	0	0	0	0	0	0	0	0	0	0	0	0	0	0	
10/03/2022 09:17:50	0	0	8	14.99	15	0	3412	1019	3.842	3.8422	0	0	False	-4.246666	-4.24	-4.236667	4.25	0.0226	1.2006	3.876	3.882	-1	-0.034	3.842	0	0	0	0	0	0	0	0	0	0	0	0	0	0	0	17.2	0	0	0	0	0	0	0	0	0	0	0	0	0	0	0	0	0	0	0	0	0	0	0	0	0	0	0	0	0	0	0	0	0	0	
10/03/2022 09:18:00	0	0	8	14.98	15	0	3406	1029	3.839	3.8397	0	0	False	-4.245	-4.245	-4.253334	4.25	0.0226	1.2124	3.876	3.876	-1	-0.034	3.839	0	0	0	0	0	0	0	0	0	0	0	0	0	0	0	17.2	0	0	0	0	0	0	0	0	0	0	0	0	0	0	0	0	0	0	0	0	0	0	0	0	0	0	0	0	0	0	0	0	0	0	
10/03/2022 09:18:10	0	0	8	14.99	15	0	3402	1039	3.836	3.8372	0	0	False	-4.248333	-4.248333	-4.22	4.25	0.0226	1.2242	3.865	3.876	-1	-0.034	3.836	0	0	0	0	0	0	0	0	0	0	0	0	0	0	0	17.2	0	0	0	0	0	0	0	0	0	0	0	0	0	0	0	0	0	0	0	0	0	0	0	0	0	0	0	0	0	0	0	0	0	0	
10/03/2022 09:18:20	0	0	8	14.98	15	0	3398	1049	3.835	3.8355	0	0	False	-4.251667	-4.251667	-4.258333	4.25	0.0226	1.236	3.876	3.876	-1	-0.034	3.835	0	0	0	0	0	0	0	0	0	0	0	0	0	0	0	17.2	0	0	0	0	0	0	0	0	0	0	0	0	0	0	0	0	0	0	0	0	0	0	0	0	0	0	0	0	0	0	0	0	0	0	
10/03/2022 09:18:30	0	0	8	14.98	15	0	3402	1059	3.833	3.8331	0	0	False	-4.246666	-4.246666	-4.236667	4.25	0.0226	1.2478	3.865	3.876	-1	-0.034	3.833	0	0	0	0	0	0	0	0	0	0	0	0	0	0	0	17.2	0	0	0	0	0	0	0	0	0	0	0	0	0	0	0	0	0	0	0	0	0	0	0	0	0	0	0	0	0	0	0	0	0	0	
10/03/2022 09:18:40	0	0	8	14.98	15	0	3398	1069	3.83	3.8309	0	0	False	-4.248333	-4.255	-4.263333	4.25	0.0226	1.2596	3.865	3.867	-1	-0.034	3.83	0	0	0	0	0	0	0	0	0	0	0	0	0	0	0	17.2	0	0	0	0	0	0	0	0	0	0	0	0	0	0	0	0	0	0	0	0	0	0	0	0	0	0	0	0	0	0	0	0	0	0	
10/03/2022 09:18:50	0	0	8	14.99	15	0	3402	1079	3.828	3.8284	0	0	False	-4.248333	-4.245	-4.276667	4.25	0.0226	1.2714	3.865	3.865	-1	-0.023	3.828	0	0	0	0	0	0	0	0	0	0	0	0	0	0	0	17.2	0	0	0	0	0	0	0	0	0	0	0	0	0	0	0	0	0	0	0	0	0	0	0	0	0	0	0	0	0	0	0	0	0	0	
10/03/2022 09:19:00	0	0	8	14.98	15	0	3398	1089	3.826	3.8266	0	0	False	-4.248333	-4.25	-4.236667	4.25	0.0226	1.2833	3.853	3.865	-1	-0.034	3.826	0	0	0	0	0	0	0	0	0	0	0	0	0	0	0	17.2	0	0	0	0	0	0	0	0	0	0	0	0	0	0	0	0	0	0	0	0	0	0	0	0	0	0	0	0	0	0	0	0	0	0	
10/03/2022 09:19:10	0	0	8	14.98	15	0	3398	1099	3.824	3.8247	0	0	False	-4.246666	-4.248333	-4.258333	4.25	0.0226	1.295	3.853	3.865	-1	-0.034	3.824	0	0	0	0	0	0	0	0	0	0	0	0	0	0	0	17.2	0	0	0	0	0	0	0	0	0	0	0	0	0	0	0	0	0	0	0	0	0	0	0	0	0	0	0	0	0	0	0	0	0	0	
10/03/2022 09:19:20	0	0	8	14.99	15	0	3412	1109	3.821	3.8222	0	0	False	-4.246666	-4.25	-4.268333	4.25	0.0226	1.3068	3.853	3.865	-1	-0.034	3.821	0	0	0	0	0	0	0	0	0	0	0	0	0	0	0	17.2	0	0	0	0	0	0	0	0	0	0	0	0	0	0	0	0	0	0	0	0	0	0	0	0	0	0	0	0	0	0	0	0	0	0	
10/03/2022 09:19:30	0	0	8	14.98	15	0	3406	1119	3.819	3.8197	0	0	False	-4.248333	-4.245	-4.276667	4.25	0.0226	1.3187	3.853	3.86	-1	-0.034	3.819	0	0	0	0	0	0	0	0	0	0	0	0	0	0	0	17.2	0	0	0	0	0	0	0	0	0	0	0	0	0	0	0	0	0	0	0	0	0	0	0	0	0	0	0	0	0	0	0	0	0	0	
10/03/2022 09:19:40	0	0	8	14.98	15	0	3406	1129	3.818	3.8182	0	0	False	-4.248333	-4.246666	-4.241667	4.25	0.0226	1.3305	3.853	3.853	-1	-0.034	3.818	0	0	0	0	0	0	0	0	0	0	0	0	0	0	0	17.2	0	0	0	0	0	0	0	0	0	0	0	0	0	0	0	0	0	0	0	0	0	0	0	0	0	0	0	0	0	0	0	0	0	0	
10/03/2022 09:19:50	0	0	8	14.99	15	0	3394	1139	3.815	3.8159	0	0	False	-4.251667	-4.253334	-4.258333	4.25	0.0226	1.3422	3.842	3.853	-1	-0.046	3.815	0	0	0	0	0	0	0	0	0	0	0	0	0	0	0	17.2	0	0	0	0	0	0	0	0	0	0	0	0	0	0	0	0	0	0	0	0	0	0	0	0	0	0	0	0	0	0	0	0	0	0	
10/03/2022 09:20:00	0	0	8	14.98	15	0	3394	1149	3.813	3.8134	0	0	False	-4.248333	-4.253334	-4.253334	4.25	0.0226	1.354	3.842	3.853	-1	-0.046	3.813	0	0	0	0	0	0	0	0	0	0	0	0	0	0	0	17.2	0	0	0	0	0	0	0	0	0	0	0	0	0	0	0	0	0	0	0	0	0	0	0	0	0	0	0	0	0	0	0	0	0	0	
10/03/2022 09:20:11	0	0	8	14.98	15	0	3404	1159	3.811	3.8116	0	0	False	-4.25	-4.243333	-4.265	4.25	0.0226	1.3658	3.83	3.852	-1	-0.034	3.811	0	0	0	0	0	0	0	0	0	0	0	0	0	0	0	17.2	0	0	0	0	0	0	0	0	0	0	0	0	0	0	0	0	0	0	0	0	0	0	0	0	0	0	0	0	0	0	0	0	0	0	
10/03/2022 09:20:21	0	0	8	14.98	15	0	3402	1169	3.808	3.8084	0	0	False	-4.25	-4.248333	-4.253334	4.25	0.0226	1.3776	3.842	3.845	-1	-0.034	3.808	0	0	0	0	0	0	0	0	0	0	0	0	0	0	0	17.2	0	0	0	0	0	0	0	0	0	0	0	0	0	0	0	0	0	0	0	0	0	0	0	0	0	0	0	0	0	0	0	0	0	0	
10/03/2022 09:20:31	0	0	8	14.99	15	0	3398	1179	3.805	3.8059	0	0	False	-4.248333	-4.25	-4.241667	4.25	0.0226	1.3895	3.842	3.842	-1	-0.034	3.805	0	0	0	0	0	0	0	0	0	0	0	0	0	0	0	17.2	0	0	0	0	0	0	0	0	0	0	0	0	0	0	0	0	0	0	0	0	0	0	0	0	0	0	0	0	0	0	0	0	0	0	
10/03/2022 09:20:41	0	0	8	14.98	15	0	3406	1189	3.803	3.8038	0	0	False	-4.248333	-4.241667	-4.241667	4.25	0.0226	1.4013	3.842	3.842	-1	-0.034	3.803	0	0	0	0	0	0	0	0	0	0	0	0	0	0	0	17.2	0	0	0	0	0	0	0	0	0	0	0	0	0	0	0	0	0	0	0	0	0	0	0	0	0	0	0	0	0	0	0	0	0	0	
10/03/2022 09:20:51	0	0	8	14.98	15	0	3406	1199	3.801	3.8021	0	0	False	-4.243333	-4.241667	-4.22	4.25	0.0226	1.4131	3.83	3.842	-1	-0.034	3.801	0	0	0	0	0	0	0	0	0	0	0	0	0	0	0	17.2	0	0	0	0	0	0	0	0	0	0	0	0	0	0	0	0	0	0	0	0	0	0	0	0	0	0	0	0	0	0	0	0	0	0	
10/03/2022 09:21:01	0	0	8	14.98	15	0	3398	1209	3.799	3.7995	0	0	False	-4.246666	-4.241667	-4.236667	4.25	0.0226	1.4249	3.83	3.842	-1	-0.034	3.799	0	0	0	0	0	0	0	0	0	0	0	0	0	0	0	17.2	0	0	0	0	0	0	0	0	0	0	0	0	0	0	0	0	0	0	0	0	0	0	0	0	0	0	0	0	0	0	0	0	0	0	
10/03/2022 09:21:11	0	0	8	14.98	15	0	3402	1219	3.796	3.7972	0	0	False	-4.245	-4.25	-4.241667	4.25	0.0226	1.4367	3.83	3.835	-1	-0.034	3.796	0	0	0	0	0	0	0	0	0	0	0	0	0	0	0	17.2	0	0	0	0	0	0	0	0	0	0	0	0	0	0	0	0	0	0	0	0	0	0	0	0	0	0	0	0	0	0	0	0	0	0	
10/03/2022 09:21:21	0	0	8	14.98	15	0	3396	1229	3.794	3.7947	0	0	False	-4.246666	-4.246666	-4.253334	4.25	0.0226	1.4485	3.819	3.83	-1	-0.034	3.794	0	0	0	0	0	0	0	0	0	0	0	0	0	0	0	17.2	0	0	0	0	0	0	0	0	0	0	0	0	0	0	0	0	0	0	0	0	0	0	0	0	0	0	0	0	0	0	0	0	0	0	
10/03/2022 09:21:31	0	0	8	14.98	15	0	3392	1239	3.792	3.7926	0	0	False	-4.248333	-4.251667	-4.231667	4.25	0.0226	1.4603	3.83	3.83	-1	-0.046	3.792	0	0	0	0	0	0	0	0	0	0	0	0	0	0	0	17.2	0	0	0	0	0	0	0	0	0	0	0	0	0	0	0	0	0	0	0	0	0	0	0	0	0	0	0	0	0	0	0	0	0	0	
10/03/2022 09:21:41	0	0	8	14.98	15	0	3400	1249	3.79	3.7907	0	0	False	-4.25	-4.25	-4.236667	4.25	0.0226	1.4721	3.83	3.83	-1	-0.046	3.79	0	0	0	0	0	0	0	0	0	0	0	0	0	0	0	17.2	0	0	0	0	0	0	0	0	0	0	0	0	0	0	0	0	0	0	0	0	0	0	0	0	0	0	0	0	0	0	0	0	0	0	
10/03/2022 09:21:51	0	0	8	14.98	15	0	3404	1259	3.788	3.7884	0	0	False	-4.248333	-4.246666	-4.265	4.25	0.0226	1.4838	3.83	3.83	-1	-0.034	3.788	0	0	0	0	0	0	0	0	0	0	0	0	0	0	0	17.2	0	0	0	0	0	0	0	0	0	0	0	0	0	0	0	0	0	0	0	0	0	0	0	0	0	0	0	0	0	0	0	0	0	0	
10/03/2022 09:22:01	0	0	8	14.98	15	0	3400	1269	3.785	3.7859	0	0	False	-4.248333	-4.246666	-4.208333	4.25	0.0226	1.4957	3.807	3.824	-1	-0.034	3.785	0	0	0	0	0	0	0	0	0	0	0	0	0	0	0	17.2	0	0	0	0	0	0	0	0	0	0	0	0	0	0	0	0	0	0	0	0	0	0	0	0	0	0	0	0	0	0	0	0	0	0	
10/03/2022 09:22:11	0	0	8	14.98	15	0	3402	1279	3.783	3.7834	0	0	False	-4.248333	-4.248333	-4.22	4.25	0.0226	1.5075	3.819	3.819	-1	-0.034	3.783	0	0	0	0	0	0	0	0	0	0	0	0	0	0	0	17.2	0	0	0	0	0	0	0	0	0	0	0	0	0	0	0	0	0	0	0	0	0	0	0	0	0	0	0	0	0	0	0	0	0	0	
10/03/2022 09:22:21	0	0	8	14.99	15	0	3406	1289	3.78	3.7809	0	0	False	-4.246666	-4.246666	-4.276667	4.25	0.0226	1.5193	3.807	3.819	-1	-0.046	3.78	0	0	0	0	0	0	0	0	0	0	0	0	0	0	0	17.2	0	0	0	0	0	0	0	0	0	0	0	0	0	0	0	0	0	0	0	0	0	0	0	0	0	0	0	0	0	0	0	0	0	0	
10/03/2022 09:22:31	0	0	8	14.98	15	0	3402	1299	3.778	3.7784	0	0	False	-4.248333	-4.243333	-4.265	4.25	0.0226	1.531	3.807	3.819	-1	-0.034	3.778	0	0	0	0	0	0	0	0	0	0	0	0	0	0	0	17.2	0	0	0	0	0	0	0	0	0	0	0	0	0	0	0	0	0	0	0	0	0	0	0	0	0	0	0	0	0	0	0	0	0	0	
10/03/2022 09:22:41	0	0	8	14.99	15	0	3402	1309	3.775	3.7759	0	0	False	-4.248333	-4.25	-4.258333	4.25	0.0226	1.5429	3.807	3.819	-1	-0.034	3.775	0	0	0	0	0	0	0	0	0	0	0	0	0	0	0	17.2	0	0	0	0	0	0	0	0	0	0	0	0	0	0	0	0	0	0	0	0	0	0	0	0	0	0	0	0	0	0	0	0	0	0	
10/03/2022 09:22:51	0	0	8	14.99	15	0	3402	1318	3.773	3.7737	0	0	False	-4.246666	-4.25	-4.253334	4.25	0.0226	1.5535	3.807	3.81	-1	-0.034	3.773	0	0	0	0	0	0	0	0	0	0	0	0	0	0	0	17.2	0	0	0	0	0	0	0	0	0	0	0	0	0	0	0	0	0	0	0	0	0	0	0	0	0	0	0	0	0	0	0	0	0	0	
10/03/2022 09:23:02	0	0	8	14.98	15	0	3400	1329	3.77	3.7709	0	0	False	-4.253334	-4.251667	-4.258333	4.25	0.0226	1.5665	3.807	3.807	-1	-0.023	3.77	0	0	0	0	0	0	0	0	0	0	0	0	0	0	0	17.2	0	0	0	0	0	0	0	0	0	0	0	0	0	0	0	0	0	0	0	0	0	0	0	0	0	0	0	0	0	0	0	0	0	0	
10/03/2022 09:23:12	0	0	8	14.98	15	0	3394	1339	3.768	3.7684	0	0	False	-4.248333	-4.253334	-4.246666	4.25	0.0226	1.5783	3.807	3.807	-1	-0.046	3.768	0	0	0	0	0	0	0	0	0	0	0	0	0	0	0	17.2	0	0	0	0	0	0	0	0	0	0	0	0	0	0	0	0	0	0	0	0	0	0	0	0	0	0	0	0	0	0	0	0	0	0	
10/03/2022 09:23:22	0	0	8	14.98	15	0	3402	1349	3.765	3.7659	0	0	False	-4.245	-4.246666	-4.265	4.25	0.0226	1.5901	3.796	3.807	-1	-0.034	3.765	0	0	0	0	0	0	0	0	0	0	0	0	0	0	0	17.2	0	0	0	0	0	0	0	0	0	0	0	0	0	0	0	0	0	0	0	0	0	0	0	0	0	0	0	0	0	0	0	0	0	0	
10/03/2022 09:23:32	0	0	8	14.98	15	0	3402	1359	3.763	3.7634	0	0	False	-4.248333	-4.248333	-4.253334	4.25	0.0226	1.6019	3.796	3.803	-1	-0.034	3.763	0	0	0	0	0	0	0	0	0	0	0	0	0	0	0	17.2	0	0	0	0	0	0	0	0	0	0	0	0	0	0	0	0	0	0	0	0	0	0	0	0	0	0	0	0	0	0	0	0	0	0	
10/03/2022 09:23:42	0	0	8	14.98	15	0	3404	1369	3.76	3.7606	0	0	False	-4.246666	-4.246666	-4.231667	4.25	0.0226	1.6137	3.796	3.796	-1	-0.034	3.76	0	0	0	0	0	0	0	0	0	0	0	0	0	0	0	17.2	0	0	0	0	0	0	0	0	0	0	0	0	0	0	0	0	0	0	0	0	0	0	0	0	0	0	0	0	0	0	0	0	0	0	
10/03/2022 09:23:52	0	0	8	14.99	15	0	3404	1377	3.758	3.7584	0	0	False	-4.246666	-4.246666	-4.241667	4.25	0.0226	1.6231	3.784	3.796	-1	-0.034	3.758	0	0	0	0	0	0	0	0	0	0	0	0	0	0	0	17.2	0	0	0	0	0	0	0	0	0	0	0	0	0	0	0	0	0	0	0	0	0	0	0	0	0	0	0	0	0	0	0	0	0	0	
10/03/2022 09:24:02	0	0	8	14.98	15	0	3398	1389	3.755	3.7552	0	0	False	-4.246666	-4.25	-4.258333	4.25	0.0226	1.6373	3.784	3.796	-1	-0.034	3.755	0	0	0	0	0	0	0	0	0	0	0	0	0	0	0	17.2	0	0	0	0	0	0	0	0	0	0	0	0	0	0	0	0	0	0	0	0	0	0	0	0	0	0	0	0	0	0	0	0	0	0	
10/03/2022 09:24:12	0	0	8	14.99	15	0	3398	1399	3.751	3.7522	0	0	False	-4.25	-4.251667	-4.265	4.25	0.0226	1.6491	3.773	3.787	-1	-0.023	3.751	0	0	0	0	0	0	0	0	0	0	0	0	0	0	0	17.2	0	0	0	0	0	0	0	0	0	0	0	0	0	0	0	0	0	0	0	0	0	0	0	0	0	0	0	0	0	0	0	0	0	0	
10/03/2022 09:24:22	0	0	8	14.98	15	0	3416	1409	3.749	3.7497	0	0	False	-4.245	-4.241667	-4.258333	4.25	0.0226	1.6609	3.784	3.784	-1	-0.034	3.749	0	0	0	0	0	0	0	0	0	0	0	0	0	0	0	17.2	0	0	0	0	0	0	0	0	0	0	0	0	0	0	0	0	0	0	0	0	0	0	0	0	0	0	0	0	0	0	0	0	0	0	
10/03/2022 09:24:32	0	0	8	14.98	15	0	3402	1419	3.746	3.7472	0	0	False	-4.248333	-4.243333	-4.241667	4.25	0.0226	1.6727	3.784	3.784	-1	-0.046	3.746	0	0	0	0	0	0	0	0	0	0	0	0	0	0	0	17.2	0	0	0	0	0	0	0	0	0	0	0	0	0	0	0	0	0	0	0	0	0	0	0	0	0	0	0	0	0	0	0	0	0	0	
10/03/2022 09:24:42	0	0	8	14.99	15	0	3398	1429	3.743	3.744	0	0	False	-4.25	-4.253334	-4.253334	4.25	0.0226	1.6845	3.773	3.784	-1	-0.034	3.743	0	0	0	0	0	0	0	0	0	0	0	0	0	0	0	17.2	0	0	0	0	0	0	0	0	0	0	0	0	0	0	0	0	0	0	0	0	0	0	0	0	0	0	0	0	0	0	0	0	0	0	
10/03/2022 09:24:52	0	0	8	14.98	15	0	3408	1439	3.74	3.7409	0	0	False	-4.248333	-4.243333	-4.241667	4.25	0.0226	1.6963	3.773	3.781	-1	-0.034	3.74	0	0	0	0	0	0	0	0	0	0	0	0	0	0	0	17.2	0	0	0	0	0	0	0	0	0	0	0	0	0	0	0	0	0	0	0	0	0	0	0	0	0	0	0	0	0	0	0	0	0	0	
10/03/2022 09:25:02	0	0	8	14.98	15	0	3404	1449	3.738	3.7384	0	0	False	-4.246666	-4.241667	-4.253334	4.25	0.0226	1.7081	3.773	3.773	-1	-0.034	3.738	0	0	0	0	0	0	0	0	0	0	0	0	0	0	0	17.2	0	0	0	0	0	0	0	0	0	0	0	0	0	0	0	0	0	0	0	0	0	0	0	0	0	0	0	0	0	0	0	0	0	0	
10/03/2022 09:25:12	0	0	8	14.99	15	0	3400	1459	3.735	3.7358	0	0	False	-4.246666	-4.248333	-4.236667	4.25	0.0226	1.7199	3.761	3.773	-1	-0.034	3.735	0	0	0	0	0	0	0	0	0	0	0	0	0	0	0	17.2	0	0	0	0	0	0	0	0	0	0	0	0	0	0	0	0	0	0	0	0	0	0	0	0	0	0	0	0	0	0	0	0	0	0	
10/03/2022 09:25:22	0	0	8	14.98	15	0	3400	1469	3.732	3.7329	0	0	False	-4.248333	-4.246666	-4.231667	4.25	0.0226	1.7317	3.761	3.773	-1	-0.034	3.732	0	0	0	0	0	0	0	0	0	0	0	0	0	0	0	17.2	0	0	0	0	0	0	0	0	0	0	0	0	0	0	0	0	0	0	0	0	0	0	0	0	0	0	0	0	0	0	0	0	0	0	
10/03/2022 09:25:32	0	0	8	14.99	15	0	3404	1479	3.729	3.7297	0	0	False	-4.245	-4.246666	-4.241667	4.25	0.0226	1.7435	3.761	3.77	-1	-0.034	3.729	0	0	0	0	0	0	0	0	0	0	0	0	0	0	0	17.2	0	0	0	0	0	0	0	0	0	0	0	0	0	0	0	0	0	0	0	0	0	0	0	0	0	0	0	0	0	0	0	0	0	0	
10/03/2022 09:25:43	0	0	8	14.98	15	0	3404	1489	3.726	3.7272	0	0	False	-4.25	-4.246666	-4.241667	4.25	0.0226	1.7553	3.761	3.761	-1	-0.023	3.726	0	0	0	0	0	0	0	0	0	0	0	0	0	0	0	17.2	0	0	0	0	0	0	0	0	0	0	0	0	0	0	0	0	0	0	0	0	0	0	0	0	0	0	0	0	0	0	0	0	0	0	
10/03/2022 09:25:53	0	0	8	14.99	15	0	3396	1499	3.724	3.7245	0	0	False	-4.246666	-4.248333	-4.253334	4.25	0.0226	1.7671	3.75	3.761	-1	-0.034	3.724	0	0	0	0	0	0	0	0	0	0	0	0	0	0	0	17.2	0	0	0	0	0	0	0	0	0	0	0	0	0	0	0	0	0	0	0	0	0	0	0	0	0	0	0	0	0	0	0	0	0	0	
10/03/2022 09:26:03	0	0	8	14.98	15	0	3398	1509	3.72	3.7209	0	0	False	-4.248333	-4.248333	-4.236667	4.25	0.0226	1.7789	3.75	3.761	-1	-0.034	3.72	0	0	0	0	0	0	0	0	0	0	0	0	0	0	0	17.2	0	0	0	0	0	0	0	0	0	0	0	0	0	0	0	0	0	0	0	0	0	0	0	0	0	0	0	0	0	0	0	0	0	0	
10/03/2022 09:26:13	0	0	8	14.98	15	0	3402	1519	3.718	3.7184	0	0	False	-4.246666	-4.253334	-4.241667	4.25	0.0226	1.7907	3.75	3.757	-1	-0.034	3.718	0	0	0	0	0	0	0	0	0	0	0	0	0	0	0	17.2	0	0	0	0	0	0	0	0	0	0	0	0	0	0	0	0	0	0	0	0	0	0	0	0	0	0	0	0	0	0	0	0	0	0	
10/03/2022 09:26:23	0	0	8	14.98	15	0	3394	1529	3.715	3.7158	0	0	False	-4.246666	-4.246666	-4.231667	4.25	0.0226	1.8025	3.75	3.75	-1	-0.034	3.715	0	0	0	0	0	0	0	0	0	0	0	0	0	0	0	17.2	0	0	0	0	0	0	0	0	0	0	0	0	0	0	0	0	0	0	0	0	0	0	0	0	0	0	0	0	0	0	0	0	0	0	
10/03/2022 09:26:33	0	0	8	14.98	15	0	3406	1539	3.712	3.7125	0	0	False	-4.248333	-4.245	-4.241667	4.25	0.0226	1.8143	3.738	3.75	-1	-0.034	3.712	0	0	0	0	0	0	0	0	0	0	0	0	0	0	0	17.2	0	0	0	0	0	0	0	0	0	0	0	0	0	0	0	0	0	0	0	0	0	0	0	0	0	0	0	0	0	0	0	0	0	0	
10/03/2022 09:26:43	0	0	8	14.98	15	0	3402	1549	3.709	3.7097	0	0	False	-4.246666	-4.246666	-4.22	4.25	0.0226	1.8261	3.738	3.749	-1	-0.034	3.709	0	0	0	0	0	0	0	0	0	0	0	0	0	0	0	17.2	0	0	0	0	0	0	0	0	0	0	0	0	0	0	0	0	0	0	0	0	0	0	0	0	0	0	0	0	0	0	0	0	0	0	
10/03/2022 09:26:53	0	0	8	14.98	15	0	3402	1559	3.706	3.707	0	0	False	-4.248333	-4.246666	-4.265	4.25	0.0226	1.8379	3.738	3.746	-1	-0.034	3.706	0	0	0	0	0	0	0	0	0	0	0	0	0	0	0	17.2	0	0	0	0	0	0	0	0	0	0	0	0	0	0	0	0	0	0	0	0	0	0	0	0	0	0	0	0	0	0	0	0	0	0	
10/03/2022 09:27:03	0	0	8	14.98	15	0	3404	1569	3.703	3.7034	0	0	False	-4.246666	-4.241667	-4.258333	4.25	0.0226	1.8497	3.738	3.738	-1	-0.034	3.703	0	0	0	0	0	0	0	0	0	0	0	0	0	0	0	17.2	0	0	0	0	0	0	0	0	0	0	0	0	0	0	0	0	0	0	0	0	0	0	0	0	0	0	0	0	0	0	0	0	0	0	
10/03/2022 09:27:13	0	0	8	14.98	15	0	3404	1579	3.7	3.7008	0	0	False	-4.248333	-4.245	-4.235	4.25	0.0226	1.8615	3.727	3.738	-1	-0.046	3.7	0	0	0	0	0	0	0	0	0	0	0	0	0	0	0	17.2	0	0	0	0	0	0	0	0	0	0	0	0	0	0	0	0	0	0	0	0	0	0	0	0	0	0	0	0	0	0	0	0	0	0	
10/03/2022 09:27:23	0	0	8	14.98	15	0	3402	1589	3.697	3.6977	0	0	False	-4.25	-4.246666	-4.253334	4.25	0.0226	1.8734	3.727	3.738	-1	-0.046	3.697	0	0	0	0	0	0	0	0	0	0	0	0	0	0	0	17.2	0	0	0	0	0	0	0	0	0	0	0	0	0	0	0	0	0	0	0	0	0	0	0	0	0	0	0	0	0	0	0	0	0	0	
10/03/2022 09:27:33	0	0	8	14.98	15	0	3400	1599	3.694	3.6947	0	0	False	-4.248333	-4.248333	-4.263333	4.25	0.0226	1.8852	3.727	3.734	-1	-0.034	3.694	0	0	0	0	0	0	0	0	0	0	0	0	0	0	0	17.2	0	0	0	0	0	0	0	0	0	0	0	0	0	0	0	0	0	0	0	0	0	0	0	0	0	0	0	0	0	0	0	0	0	0	
10/03/2022 09:27:43	0	0	8	14.99	15	0	3404	1609	3.691	3.6918	0	0	False	-4.248333	-4.246666	-4.253334	4.25	0.0226	1.897	3.727	3.727	-1	-0.023	3.691	0	0	0	0	0	0	0	0	0	0	0	0	0	0	0	17.2	0	0	0	0	0	0	0	0	0	0	0	0	0	0	0	0	0	0	0	0	0	0	0	0	0	0	0	0	0	0	0	0	0	0	
10/03/2022 09:27:53	0	0	8	14.98	15	0	3394	1619	3.688	3.6884	0	0	False	-4.25	-4.253334	-4.253334	4.25	0.0226	1.9088	3.716	3.727	-1	-0.034	3.688	0	0	0	0	0	0	0	0	0	0	0	0	0	0	0	17.2	0	0	0	0	0	0	0	0	0	0	0	0	0	0	0	0	0	0	0	0	0	0	0	0	0	0	0	0	0	0	0	0	0	0	
10/03/2022 09:28:04	0	0	8	14.98	15	0	3396	1629	3.685	3.6859	0	0	False	-4.246666	-4.255	-4.258333	4.25	0.0226	1.9206	3.716	3.726	-1	-0.034	3.685	0	0	0	0	0	0	0	0	0	0	0	0	0	0	0	17.2	0	0	0	0	0	0	0	0	0	0	0	0	0	0	0	0	0	0	0	0	0	0	0	0	0	0	0	0	0	0	0	0	0	0	
10/03/2022 09:28:14	0	0	8	14.98	15	0	3396	1639	3.682	3.6823	0	0	False	-4.25	-4.248333	-4.241667	4.25	0.0226	1.9324	3.716	3.716	-1	-0.034	3.682	0	0	0	0	0	0	0	0	0	0	0	0	0	0	0	17.2	0	0	0	0	0	0	0	0	0	0	0	0	0	0	0	0	0	0	0	0	0	0	0	0	0	0	0	0	0	0	0	0	0	0	
10/03/2022 09:28:24	0	0	8	14.98	15	0	3408	1649	3.679	3.6796	0	0	False	-4.245	-4.248333	-4.241667	4.25	0.0226	1.9442	3.704	3.716	-1	-0.023	3.679	0	0	0	0	0	0	0	0	0	0	0	0	0	0	0	17.2	0	0	0	0	0	0	0	0	0	0	0	0	0	0	0	0	0	0	0	0	0	0	0	0	0	0	0	0	0	0	0	0	0	0	
10/03/2022 09:28:34	0	0	8	14.98	15	0	3408	1659	3.676	3.6764	0	0	False	-4.248333	-4.241667	-4.258333	4.25	0.0226	1.956	3.704	3.716	-1	-0.034	3.676	0	0	0	0	0	0	0	0	0	0	0	0	0	0	0	17.2	0	0	0	0	0	0	0	0	0	0	0	0	0	0	0	0	0	0	0	0	0	0	0	0	0	0	0	0	0	0	0	0	0	0	
10/03/2022 09:28:44	0	0	8	14.99	15	0	3408	1669	3.672	3.6722	0	0	False	-4.248333	-4.241667	-4.241667	4.25	0.0226	1.9678	3.704	3.716	-1	-0.034	3.672	0	0	0	0	0	0	0	0	0	0	0	0	0	0	0	17.2	0	0	0	0	0	0	0	0	0	0	0	0	0	0	0	0	0	0	0	0	0	0	0	0	0	0	0	0	0	0	0	0	0	0	
10/03/2022 09:28:54	0	0	8	14.99	15	0	3400	1679	3.669	3.6694	0	0	False	-4.248333	-4.25	-4.215	4.25	0.0226	1.9796	3.693	3.704	-1	-0.034	3.669	0	0	0	0	0	0	0	0	0	0	0	0	0	0	0	17.2	0	0	0	0	0	0	0	0	0	0	0	0	0	0	0	0	0	0	0	0	0	0	0	0	0	0	0	0	0	0	0	0	0	0	
10/03/2022 09:29:04	0	0	8	14.98	15	0	3406	1689	3.665	3.6659	0	0	False	-4.246666	-4.243333	-4.241667	4.25	0.0226	1.9914	3.704	3.704	-1	-0.034	3.665	0	0	0	0	0	0	0	0	0	0	0	0	0	0	0	17.2	0	0	0	0	0	0	0	0	0	0	0	0	0	0	0	0	0	0	0	0	0	0	0	0	0	0	0	0	0	0	0	0	0	0	
10/03/2022 09:29:14	0	0	8	14.98	15	0	3400	1699	3.662	3.6628	0	0	False	-4.248333	-4.248333	-4.236667	4.25	0.0226	2.0032	3.693	3.704	-1	-0.034	3.662	0	0	0	0	0	0	0	0	0	0	0	0	0	0	0	17.2	0	0	0	0	0	0	0	0	0	0	0	0	0	0	0	0	0	0	0	0	0	0	0	0	0	0	0	0	0	0	0	0	0	0	
10/03/2022 09:29:24	0	0	8	14.98	15	0	3412	1709	3.659	3.6596	0	0	False	-4.246666	-4.246666	-4.253334	4.25	0.0226	2.0162	3.693	3.693	-1	-0.023	3.659	0	0	0	0	0	0	0	0	0	0	0	0	0	0	0	17.2	0	0	0	0	0	0	0	0	0	0	0	0	0	0	0	0	0	0	0	0	0	0	0	0	0	0	0	0	0	0	0	0	0	0	
10/03/2022 09:29:34	0	0	8	14.99	15	0	3400	1719	3.656	3.6569	0	0	False	-4.248333	-4.25	-4.241667	4.25	0.0226	2.028	3.693	3.693	-1	-0.034	3.656	0	0	0	0	0	0	0	0	0	0	0	0	0	0	0	17.2	0	0	0	0	0	0	0	0	0	0	0	0	0	0	0	0	0	0	0	0	0	0	0	0	0	0	0	0	0	0	0	0	0	0	
10/03/2022 09:29:44	0	0	8	14.98	15	0	3404	1729	3.653	3.6534	0	0	False	-4.246666	-4.246666	-4.258333	4.25	0.0226	2.0398	3.681	3.693	-1	-0.046	3.653	0	0	0	0	0	0	0	0	0	0	0	0	0	0	0	17.2	0	0	0	0	0	0	0	0	0	0	0	0	0	0	0	0	0	0	0	0	0	0	0	0	0	0	0	0	0	0	0	0	0	0	
10/03/2022 09:29:54	0	0	8	14.99	15	0	3406	1740	3.65	3.6508	0	0	False	-4.246666	-4.248333	-4.268333	4.25	0.0226	2.0515	3.681	3.692	-1	-0.034	3.65	0	0	0	0	0	0	0	0	0	0	0	0	0	0	0	17.2	0	0	0	0	0	0	0	0	0	0	0	0	0	0	0	0	0	0	0	0	0	0	0	0	0	0	0	0	0	0	0	0	0	0	
10/03/2022 09:30:04	0	0	8	14.99	15	0	3398	1750	3.646	3.6471	0	0	False	-4.245	-4.243333	-4.22	4.25	0.0226	2.0633	3.681	3.681	-1	-0.034	3.646	0	0	0	0	0	0	0	0	0	0	0	0	0	0	0	17.2	0	0	0	0	0	0	0	0	0	0	0	0	0	0	0	0	0	0	0	0	0	0	0	0	0	0	0	0	0	0	0	0	0	0	
10/03/2022 09:30:14	0	0	8	14.99	15	0	3412	1760	3.644	3.6445	0	0	False	-4.25	-4.241667	-4.241667	4.25	0.0226	2.0751	3.681	3.681	-1	-0.023	3.644	0	0	0	0	0	0	0	0	0	0	0	0	0	0	0	17.2	0	0	0	0	0	0	0	0	0	0	0	0	0	0	0	0	0	0	0	0	0	0	0	0	0	0	0	0	0	0	0	0	0	0	
10/03/2022 09:30:24	0	0	8	14.98	15	0	3398	1770	3.64	3.6409	0	0	False	-4.248333	-4.248333	-4.253334	4.25	0.0226	2.0869	3.67	3.681	-1	-0.034	3.64	0	0	0	0	0	0	0	0	0	0	0	0	0	0	0	17.2	0	0	0	0	0	0	0	0	0	0	0	0	0	0	0	0	0	0	0	0	0	0	0	0	0	0	0	0	0	0	0	0	0	0	
10/03/2022 09:30:35	0	0	8	14.98	15	0	3406	1779	3.638	3.6384	0	0	False	-4.248333	-4.245	-4.231667	4.25	0.0226	2.0976	3.67	3.678	-1	-0.034	3.638	0	0	0	0	0	0	0	0	0	0	0	0	0	0	0	17.2	0	0	0	0	0	0	0	0	0	0	0	0	0	0	0	0	0	0	0	0	0	0	0	0	0	0	0	0	0	0	0	0	0	0	
10/03/2022 09:30:45	0	0	8	14.99	15	0	3400	1790	3.635	3.6351	0	0	False	-4.25	-4.251667	-4.231667	4.25	0.0226	2.1105	3.67	3.67	-1	-0.034	3.635	0	0	0	0	0	0	0	0	0	0	0	0	0	0	0	17.2	0	0	0	0	0	0	0	0	0	0	0	0	0	0	0	0	0	0	0	0	0	0	0	0	0	0	0	0	0	0	0	0	0	0	
10/03/2022 09:30:55	0	0	8	14.98	15	0	3404	1800	3.631	3.6321	0	0	False	-4.25	-4.245	-4.231667	4.25	0.0226	2.1223	3.658	3.67	-1	-0.034	3.631	0	0	0	0	0	0	0	0	0	0	0	0	0	0	0	17.2	0	0	0	0	0	0	0	0	0	0	0	0	0	0	0	0	0	0	0	0	0	0	0	0	0	0	0	0	0	0	0	0	0	0	
10/03/2022 09:31:05	0	0	8	14.99	15	0	3394	1810	3.628	3.6289	0	0	False	-4.245	-4.253334	-4.258333	4.25	0.0226	2.1341	3.658	3.667	-1	-0.034	3.628	0	0	0	0	0	0	0	0	0	0	0	0	0	0	0	17.2	0	0	0	0	0	0	0	0	0	0	0	0	0	0	0	0	0	0	0	0	0	0	0	0	0	0	0	0	0	0	0	0	0	0	
10/03/2022 09:31:15	0	0	8	14.98	15	0	3400	1820	3.625	3.6259	0	0	False	-4.248333	-4.248333	-4.236667	4.25	0.0226	2.1459	3.658	3.658	-1	-0.023	3.625	0	0	0	0	0	0	0	0	0	0	0	0	0	0	0	17.2	0	0	0	0	0	0	0	0	0	0	0	0	0	0	0	0	0	0	0	0	0	0	0	0	0	0	0	0	0	0	0	0	0	0	
10/03/2022 09:31:25	0	0	8	14.98	15	0	3406	1830	3.623	3.6233	0	0	False	-4.25	-4.246666	-4.236667	4.25	0.0226	2.1577	3.658	3.658	-1	-0.023	3.623	0	0	0	0	0	0	0	0	0	0	0	0	0	0	0	17.2	0	0	0	0	0	0	0	0	0	0	0	0	0	0	0	0	0	0	0	0	0	0	0	0	0	0	0	0	0	0	0	0	0	0	
10/03/2022 09:31:35	0	0	8	14.98	15	0	3394	1840	3.62	3.6203	0	0	False	-4.248333	-4.253334	-4.253334	4.25	0.0226	2.1695	3.647	3.658	-1	-0.034	3.62	0	0	0	0	0	0	0	0	0	0	0	0	0	0	0	17.2	0	0	0	0	0	0	0	0	0	0	0	0	0	0	0	0	0	0	0	0	0	0	0	0	0	0	0	0	0	0	0	0	0	0	
10/03/2022 09:31:45	0	0	8	14.98	15	0	3400	1850	3.616	3.6171	0	0	False	-4.25	-4.251667	-4.253334	4.25	0.0226	2.1813	3.647	3.657	-1	-0.034	3.616	0	0	0	0	0	0	0	0	0	0	0	0	0	0	0	17.2	0	0	0	0	0	0	0	0	0	0	0	0	0	0	0	0	0	0	0	0	0	0	0	0	0	0	0	0	0	0	0	0	0	0	
10/03/2022 09:31:55	0	0	8	14.99	15	0	3398	1860	3.614	3.6144	0	0	False	-4.248333	-4.245	-4.241667	4.25	0.0226	2.1931	3.647	3.647	-1	-0.034	3.614	0	0	0	0	0	0	0	0	0	0	0	0	0	0	0	17.2	0	0	0	0	0	0	0	0	0	0	0	0	0	0	0	0	0	0	0	0	0	0	0	0	0	0	0	0	0	0	0	0	0	0	
10/03/2022 09:32:05	0	0	8	14.99	15	0	3412	1870	3.611	3.6116	0	0	False	-4.248333	-4.241667	-4.241667	4.25	0.0226	2.2049	3.635	3.647	-1	-0.034	3.611	0	0	0	0	0	0	0	0	0	0	0	0	0	0	0	17.2	0	0	0	0	0	0	0	0	0	0	0	0	0	0	0	0	0	0	0	0	0	0	0	0	0	0	0	0	0	0	0	0	0	0	
10/03/2022 09:32:15	0	0	8	14.98	15	0	3404	1880	3.608	3.6084	0	0	False	-4.248333	-4.243333	-4.236667	4.25	0.0226	2.2167	3.635	3.647	-1	-0.034	3.608	0	0	0	0	0	0	0	0	0	0	0	0	0	0	0	17.2	0	0	0	0	0	0	0	0	0	0	0	0	0	0	0	0	0	0	0	0	0	0	0	0	0	0	0	0	0	0	0	0	0	0	
10/03/2022 09:32:25	0	0	8	14.98	15	0	3402	1890	3.605	3.6059	0	0	False	-4.246666	-4.243333	-4.231667	4.25	0.0226	2.2286	3.635	3.644	-1	-0.034	3.605	0	0	0	0	0	0	0	0	0	0	0	0	0	0	0	17.2	0	0	0	0	0	0	0	0	0	0	0	0	0	0	0	0	0	0	0	0	0	0	0	0	0	0	0	0	0	0	0	0	0	0	
10/03/2022 09:32:36	0	0	8	14.98	15	0	3406	1900	3.603	3.6033	0	0	False	-4.248333	-4.241667	-4.236667	4.25	0.0226	2.2404	3.635	3.635	-1	-0.034	3.603	0	0	0	0	0	0	0	0	0	0	0	0	0	0	0	17.2	0	0	0	0	0	0	0	0	0	0	0	0	0	0	0	0	0	0	0	0	0	0	0	0	0	0	0	0	0	0	0	0	0	0	
10/03/2022 09:32:46	0	0	8	14.98	15	0	3404	1910	3.6	3.6004	0	0	False	-4.25	-4.253334	-4.235	4.25	0.0226	2.2522	3.635	3.635	-1	-0.023	3.6	0	0	0	0	0	0	0	0	0	0	0	0	0	0	0	17.2	0	0	0	0	0	0	0	0	0	0	0	0	0	0	0	0	0	0	0	0	0	0	0	0	0	0	0	0	0	0	0	0	0	0	
10/03/2022 09:32:56	0	0	8	14.98	15	0	3400	1920	3.596	3.5971	0	0	False	-4.25	-4.248333	-4.258333	4.25	0.0226	2.264	3.624	3.635	-1	-0.034	3.596	0	0	0	0	0	0	0	0	0	0	0	0	0	0	0	17.2	0	0	0	0	0	0	0	0	0	0	0	0	0	0	0	0	0	0	0	0	0	0	0	0	0	0	0	0	0	0	0	0	0	0	
10/03/2022 09:33:06	0	0	8	14.99	15	0	3398	1930	3.594	3.5946	0	0	False	-4.245	-4.245	-4.265	4.25	0.0226	2.2758	3.624	3.635	-1	-0.034	3.594	0	0	0	0	0	0	0	0	0	0	0	0	0	0	0	17.2	0	0	0	0	0	0	0	0	0	0	0	0	0	0	0	0	0	0	0	0	0	0	0	0	0	0	0	0	0	0	0	0	0	0	
10/03/2022 09:33:16	0	0	8	14.98	15	0	3402	1940	3.591	3.5921	0	0	False	-4.246666	-4.248333	-4.236667	4.25	0.0226	2.2876	3.624	3.624	-1	-0.034	3.591	0	0	0	0	0	0	0	0	0	0	0	0	0	0	0	17.2	0	0	0	0	0	0	0	0	0	0	0	0	0	0	0	0	0	0	0	0	0	0	0	0	0	0	0	0	0	0	0	0	0	0	
10/03/2022 09:33:26	0	0	8	14.99	15	0	3392	1950	3.589	3.5895	0	0	False	-4.248333	-4.255	-4.258333	4.25	0.0226	2.2994	3.624	3.624	-1	-0.023	3.589	0	0	0	0	0	0	0	0	0	0	0	0	0	0	0	17.2	0	0	0	0	0	0	0	0	0	0	0	0	0	0	0	0	0	0	0	0	0	0	0	0	0	0	0	0	0	0	0	0	0	0	
10/03/2022 09:33:36	0	0	8	14.99	15	0	3398	1960	3.586	3.587	0	0	False	-4.248333	-4.251667	-4.253334	4.25	0.0226	2.3112	3.612	3.624	-1	-0.034	3.586	0	0	0	0	0	0	0	0	0	0	0	0	0	0	0	17.2	0	0	0	0	0	0	0	0	0	0	0	0	0	0	0	0	0	0	0	0	0	0	0	0	0	0	0	0	0	0	0	0	0	0	
10/03/2022 09:33:46	0	0	8	14.98	15	0	3408	1970	3.584	3.5845	0	0	False	-4.246666	-4.245	-4.258333	4.25	0.0226	2.323	3.612	3.622	-1	-0.034	3.584	0	0	0	0	0	0	0	0	0	0	0	0	0	0	0	17.2	0	0	0	0	0	0	0	0	0	0	0	0	0	0	0	0	0	0	0	0	0	0	0	0	0	0	0	0	0	0	0	0	0	0	
10/03/2022 09:33:56	0	0	8	14.99	15	0	3396	1980	3.581	3.5816	0	0	False	-4.25	-4.248333	-4.258333	4.25	0.0226	2.3348	3.612	3.612	-1	-0.034	3.581	0	0	0	0	0	0	0	0	0	0	0	0	0	0	0	17.2	0	0	0	0	0	0	0	0	0	0	0	0	0	0	0	0	0	0	0	0	0	0	0	0	0	0	0	0	0	0	0	0	0	0	
10/03/2022 09:34:06	0	0	8	14.98	15	0	3406	1990	3.578	3.579	0	0	False	-4.251667	-4.245	-4.241667	4.25	0.0226	2.3465	3.612	3.612	-1	-0.034	3.578	0	0	0	0	0	0	0	0	0	0	0	0	0	0	0	17.2	0	0	0	0	0	0	0	0	0	0	0	0	0	0	0	0	0	0	0	0	0	0	0	0	0	0	0	0	0	0	0	0	0	0	
10/03/2022 09:34:16	0	0	8	14.98	15	0	3406	2000	3.576	3.5762	0	0	False	-4.246666	-4.241667	-4.241667	4.25	0.0226	2.3584	3.601	3.612	-1	-0.034	3.576	0	0	0	0	0	0	0	0	0	0	0	0	0	0	0	17.2	0	0	0	0	0	0	0	0	0	0	0	0	0	0	0	0	0	0	0	0	0	0	0	0	0	0	0	0	0	0	0	0	0	0	
10/03/2022 09:34:26	0	0	8	14.98	15	0	3402	2009	3.574	3.5744	0	0	False	-4.245	-4.246666	-4.241667	4.25	0.0226	2.369	3.612	3.612	-1	-0.034	3.574	0	0	0	0	0	0	0	0	0	0	0	0	0	0	0	17.2	0	0	0	0	0	0	0	0	0	0	0	0	0	0	0	0	0	0	0	0	0	0	0	0	0	0	0	0	0	0	0	0	0	0	
10/03/2022 09:34:37	0	0	8	14.98	15	0	3404	2020	3.57	3.5711	0	0	False	-4.246666	-4.24	-4.231667	4.25	0.0226	2.382	3.601	3.607	-1	-0.046	3.57	0	0	0	0	0	0	0	0	0	0	0	0	0	0	0	17.2	0	0	0	0	0	0	0	0	0	0	0	0	0	0	0	0	0	0	0	0	0	0	0	0	0	0	0	0	0	0	0	0	0	0	
10/03/2022 09:34:47	0	0	8	14.99	15	0	3396	2030	3.568	3.5684	0	0	False	-4.245	-4.251667	-4.22	4.25	0.0226	2.3937	3.589	3.601	-1	-0.034	3.568	0	0	0	0	0	0	0	0	0	0	0	0	0	0	0	17.2	0	0	0	0	0	0	0	0	0	0	0	0	0	0	0	0	0	0	0	0	0	0	0	0	0	0	0	0	0	0	0	0	0	0	
10/03/2022 09:34:57	0	0	8	14.98	15	0	3406	2040	3.565	3.5659	0	0	False	-4.246666	-4.243333	-4.258333	4.25	0.0226	2.4055	3.589	3.601	-1	-0.023	3.565	0	0	0	0	0	0	0	0	0	0	0	0	0	0	0	17.2	0	0	0	0	0	0	0	0	0	0	0	0	0	0	0	0	0	0	0	0	0	0	0	0	0	0	0	0	0	0	0	0	0	0	
10/03/2022 09:35:07	0	0	8	14.99	15	0	3406	2050	3.563	3.5636	0	0	False	-4.248333	-4.241667	-4.236667	4.25	0.0226	2.4173	3.589	3.601	-1	-0.034	3.563	0	0	0	0	0	0	0	0	0	0	0	0	0	0	0	17.2	0	0	0	0	0	0	0	0	0	0	0	0	0	0	0	0	0	0	0	0	0	0	0	0	0	0	0	0	0	0	0	0	0	0	
10/03/2022 09:35:17	0	0	8	14.98	15	0	3396	2060	3.561	3.5616	0	0	False	-4.251667	-4.253334	-4.253334	4.25	0.0226	2.4291	3.589	3.599	-1	-0.034	3.561	0	0	0	0	0	0	0	0	0	0	0	0	0	0	0	17.2	0	0	0	0	0	0	0	0	0	0	0	0	0	0	0	0	0	0	0	0	0	0	0	0	0	0	0	0	0	0	0	0	0	0	
10/03/2022 09:35:27	0	0	8	14.98	15	0	3396	2071	3.558	3.5589	0	0	False	-4.248333	-4.253334	-4.253334	4.25	0.0226	2.4421	3.589	3.589	-1	-0.034	3.558	0	0	0	0	0	0	0	0	0	0	0	0	0	0	0	17.2	0	0	0	0	0	0	0	0	0	0	0	0	0	0	0	0	0	0	0	0	0	0	0	0	0	0	0	0	0	0	0	0	0	0	
10/03/2022 09:35:37	0	0	8	14.99	15	0	3414	2081	3.556	3.5569	0	0	False	-4.246666	-4.245	-4.235	4.25	0.0226	2.4539	3.578	3.589	-1	-0.034	3.556	0	0	0	0	0	0	0	0	0	0	0	0	0	0	0	17.2	0	0	0	0	0	0	0	0	0	0	0	0	0	0	0	0	0	0	0	0	0	0	0	0	0	0	0	0	0	0	0	0	0	0	
10/03/2022 09:35:47	0	0	8	14.98	15	0	3394	2091	3.554	3.5543	0	0	False	-4.246666	-4.253334	-4.253334	4.25	0.0226	2.4657	3.578	3.589	-1	-0.034	3.554	0	0	0	0	0	0	0	0	0	0	0	0	0	0	0	17.2	0	0	0	0	0	0	0	0	0	0	0	0	0	0	0	0	0	0	0	0	0	0	0	0	0	0	0	0	0	0	0	0	0	0	
10/03/2022 09:35:57	0	0	8	14.98	15	0	3396	2101	3.551	3.552	0	0	False	-4.251667	-4.255	-4.258333	4.25	0.0226	2.4775	3.578	3.589	-1	-0.034	3.551	0	0	0	0	0	0	0	0	0	0	0	0	0	0	0	17.2	0	0	0	0	0	0	0	0	0	0	0	0	0	0	0	0	0	0	0	0	0	0	0	0	0	0	0	0	0	0	0	0	0	0	
10/03/2022 09:36:07	0	0	8	14.98	15	0	3398	2111	3.549	3.5496	0	0	False	-4.248333	-4.251667	-4.253334	4.25	0.0226	2.4893	3.578	3.588	-1	-0.034	3.549	0	0	0	0	0	0	0	0	0	0	0	0	0	0	0	17.2	0	0	0	0	0	0	0	0	0	0	0	0	0	0	0	0	0	0	0	0	0	0	0	0	0	0	0	0	0	0	0	0	0	0	
10/03/2022 09:36:17	0	0	8	14.98	15	0	3398	2121	3.546	3.547	0	0	False	-4.248333	-4.25	-4.258333	4.25	0.0226	2.5011	3.578	3.58	-1	-0.034	3.546	0	0	0	0	0	0	0	0	0	0	0	0	0	0	0	17.2	0	0	0	0	0	0	0	0	0	0	0	0	0	0	0	0	0	0	0	0	0	0	0	0	0	0	0	0	0	0	0	0	0	0	
10/03/2022 09:36:27	0	0	8	14.98	15	0	3398	2131	3.544	3.5445	0	0	False	-4.25	-4.25	-4.241667	4.25	0.0226	2.5129	3.578	3.578	-1	-0.034	3.544	0	0	0	0	0	0	0	0	0	0	0	0	0	0	0	17.2	0	0	0	0	0	0	0	0	0	0	0	0	0	0	0	0	0	0	0	0	0	0	0	0	0	0	0	0	0	0	0	0	0	0	
10/03/2022 09:36:38	0	0	8	14.98	15	0	3398	2141	3.541	3.5421	0	0	False	-4.245	-4.246666	-4.241667	4.25	0.0226	2.5247	3.566	3.578	-1	-0.034	3.541	0	0	0	0	0	0	0	0	0	0	0	0	0	0	0	17.2	0	0	0	0	0	0	0	0	0	0	0	0	0	0	0	0	0	0	0	0	0	0	0	0	0	0	0	0	0	0	0	0	0	0	
10/03/2022 09:36:48	0	0	8	14.98	15	0	3404	2151	3.539	3.5396	0	0	False	-4.246666	-4.245	-4.231667	4.25	0.0226	2.5365	3.566	3.577	-1	-0.034	3.539	0	0	0	0	0	0	0	0	0	0	0	0	0	0	0	17.2	0	0	0	0	0	0	0	0	0	0	0	0	0	0	0	0	0	0	0	0	0	0	0	0	0	0	0	0	0	0	0	0	0	0	
10/03/2022 09:36:58	0	0	8	14.99	15	0	3398	2161	3.536	3.5366	0	0	False	-4.248333	-4.245	-4.253334	4.25	0.0226	2.5483	3.566	3.576	-1	-0.034	3.536	0	0	0	0	0	0	0	0	0	0	0	0	0	0	0	17.2	0	0	0	0	0	0	0	0	0	0	0	0	0	0	0	0	0	0	0	0	0	0	0	0	0	0	0	0	0	0	0	0	0	0	
10/03/2022 09:37:08	0	0	8	14.98	15	0	3410	2171	3.533	3.534	0	0	False	-4.246666	-4.246666	-4.276667	4.25	0.0226	2.5601	3.555	3.566	-1	-0.023	3.533	0	0	0	0	0	0	0	0	0	0	0	0	0	0	0	17.2	0	0	0	0	0	0	0	0	0	0	0	0	0	0	0	0	0	0	0	0	0	0	0	0	0	0	0	0	0	0	0	0	0	0	
10/03/2022 09:37:18	0	0	8	14.98	15	0	3404	2181	3.531	3.532	0	0	False	-4.246666	-4.248333	-4.231667	4.25	0.0226	2.5719	3.555	3.566	-1	-0.023	3.531	0	0	0	0	0	0	0	0	0	0	0	0	0	0	0	17.2	0	0	0	0	0	0	0	0	0	0	0	0	0	0	0	0	0	0	0	0	0	0	0	0	0	0	0	0	0	0	0	0	0	0	
10/03/2022 09:37:28	0	0	8	14.98	15	0	3404	2191	3.529	3.5295	0	0	False	-4.248333	-4.246666	-4.241667	4.25	0.0226	2.5837	3.555	3.566	-1	-0.034	3.529	0	0	0	0	0	0	0	0	0	0	0	0	0	0	0	17.2	0	0	0	0	0	0	0	0	0	0	0	0	0	0	0	0	0	0	0	0	0	0	0	0	0	0	0	0	0	0	0	0	0	0	
10/03/2022 09:37:38	0	0	8	14.99	15	0	3406	2201	3.526	3.5271	0	0	False	-4.246666	-4.24	-4.236667	4.25	0.0226	2.5954	3.555	3.566	-1	-0.034	3.526	0	0	0	0	0	0	0	0	0	0	0	0	0	0	0	17.2	0	0	0	0	0	0	0	0	0	0	0	0	0	0	0	0	0	0	0	0	0	0	0	0	0	0	0	0	0	0	0	0	0	0	
10/03/2022 09:37:48	0	0	8	14.98	15	0	3414	2211	3.524	3.5246	0	0	False	-4.245	-4.238333	-4.236667	4.25	0.0226	2.6073	3.555	3.564	-1	-0.034	3.524	0	0	0	0	0	0	0	0	0	0	0	0	0	0	0	17.2	0	0	0	0	0	0	0	0	0	0	0	0	0	0	0	0	0	0	0	0	0	0	0	0	0	0	0	0	0	0	0	0	0	0	
10/03/2022 09:37:58	0	0	8	14.98	15	0	3398	2221	3.521	3.5221	0	0	False	-4.25	-4.248333	-4.231667	4.25	0.0226	2.6191	3.555	3.555	-1	-0.023	3.521	0	0	0	0	0	0	0	0	0	0	0	0	0	0	0	17.2	0	0	0	0	0	0	0	0	0	0	0	0	0	0	0	0	0	0	0	0	0	0	0	0	0	0	0	0	0	0	0	0	0	0	
10/03/2022 09:38:08	0	0	8	14.98	15	0	3400	2231	3.519	3.5196	0	0	False	-4.25	-4.25	-4.241667	4.25	0.0226	2.6308	3.544	3.555	-1	-0.034	3.519	0	0	0	0	0	0	0	0	0	0	0	0	0	0	0	17.2	0	0	0	0	0	0	0	0	0	0	0	0	0	0	0	0	0	0	0	0	0	0	0	0	0	0	0	0	0	0	0	0	0	0	
10/03/2022 09:38:18	0	0	8	14.98	15	0	3402	2241	3.517	3.518	0	0	False	-4.25	-4.246666	-4.241667	4.25	0.0226	2.6427	3.544	3.555	-1	-0.034	3.517	0	0	0	0	0	0	0	0	0	0	0	0	0	0	0	17.2	0	0	0	0	0	0	0	0	0	0	0	0	0	0	0	0	0	0	0	0	0	0	0	0	0	0	0	0	0	0	0	0	0	0	
10/03/2022 09:38:28	0	0	8	14.98	15	0	3402	2251	3.515	3.5158	0	0	False	-4.246666	-4.245	-4.241667	4.25	0.0226	2.6545	3.544	3.555	-1	-0.034	3.515	0	0	0	0	0	0	0	0	0	0	0	0	0	0	0	17.2	0	0	0	0	0	0	0	0	0	0	0	0	0	0	0	0	0	0	0	0	0	0	0	0	0	0	0	0	0	0	0	0	0	0	
10/03/2022 09:38:38	0	0	8	14.98	15	0	3404	2261	3.513	3.5132	0	0	False	-4.246666	-4.241667	-4.22	4.25	0.0226	2.6663	3.544	3.551	-1	-0.034	3.513	0	0	0	0	0	0	0	0	0	0	0	0	0	0	0	17.2	0	0	0	0	0	0	0	0	0	0	0	0	0	0	0	0	0	0	0	0	0	0	0	0	0	0	0	0	0	0	0	0	0	0	
10/03/2022 09:38:49	0	0	8	14.98	15	0	3396	2271	3.51	3.5109	0	0	False	-4.25	-4.25	-4.258333	4.25	0.0226	2.6781	3.544	3.544	-1	-0.034	3.51	0	0	0	0	0	0	0	0	0	0	0	0	0	0	0	17.2	0	0	0	0	0	0	0	0	0	0	0	0	0	0	0	0	0	0	0	0	0	0	0	0	0	0	0	0	0	0	0	0	0	0	
10/03/2022 09:38:59	0	0	8	14.98	15	0	3394	2281	3.508	3.5084	0	0	False	-4.25	-4.25	-4.236667	4.25	0.0226	2.6899	3.544	3.544	-1	-0.023	3.508	0	0	0	0	0	0	0	0	0	0	0	0	0	0	0	17.2	0	0	0	0	0	0	0	0	0	0	0	0	0	0	0	0	0	0	0	0	0	0	0	0	0	0	0	0	0	0	0	0	0	0	
10/03/2022 09:39:09	0	0	8	14.98	15	0	3398	2291	3.505	3.5059	0	0	False	-4.248333	-4.251667	-4.236667	4.25	0.0226	2.7017	3.532	3.544	-1	-0.023	3.505	0	0	0	0	0	0	0	0	0	0	0	0	0	0	0	17.2	0	0	0	0	0	0	0	0	0	0	0	0	0	0	0	0	0	0	0	0	0	0	0	0	0	0	0	0	0	0	0	0	0	0	
10/03/2022 09:39:19	0	0	8	14.98	15	0	3404	2301	3.503	3.5034	0	0	False	-4.246666	-4.246666	-4.231667	4.25	0.0226	2.7135	3.532	3.543	-1	-0.034	3.503	0	0	0	0	0	0	0	0	0	0	0	0	0	0	0	17.2	0	0	0	0	0	0	0	0	0	0	0	0	0	0	0	0	0	0	0	0	0	0	0	0	0	0	0	0	0	0	0	0	0	0	
10/03/2022 09:39:29	0	0	8	14.98	15	0	3400	2311	3.501	3.5014	0	0	False	-4.246666	-4.248333	-4.258333	4.25	0.0226	2.7253	3.532	3.538	-1	-0.034	3.501	0	0	0	0	0	0	0	0	0	0	0	0	0	0	0	17.2	0	0	0	0	0	0	0	0	0	0	0	0	0	0	0	0	0	0	0	0	0	0	0	0	0	0	0	0	0	0	0	0	0	0	
10/03/2022 09:39:39	0	0	8	14.98	15	0	3398	2321	3.499	3.4994	0	0	False	-4.248333	-4.251667	-4.241667	4.25	0.0226	2.7371	3.532	3.532	-1	-0.034	3.499	0	0	0	0	0	0	0	0	0	0	0	0	0	0	0	17.2	0	0	0	0	0	0	0	0	0	0	0	0	0	0	0	0	0	0	0	0	0	0	0	0	0	0	0	0	0	0	0	0	0	0	
10/03/2022 09:39:49	0	0	8	14.99	15	0	3400	2331	3.496	3.4971	0	0	False	-4.246666	-4.248333	-4.253334	4.25	0.0226	2.7489	3.521	3.532	-1	-0.023	3.496	0	0	0	0	0	0	0	0	0	0	0	0	0	0	0	17.2	0	0	0	0	0	0	0	0	0	0	0	0	0	0	0	0	0	0	0	0	0	0	0	0	0	0	0	0	0	0	0	0	0	0	
10/03/2022 09:39:59	0	0	8	14.98	15	0	3400	2341	3.494	3.4946	0	0	False	-4.246666	-4.25	-4.258333	4.25	0.0226	2.7607	3.521	3.532	-1	-0.034	3.494	0	0	0	0	0	0	0	0	0	0	0	0	0	0	0	17.2	0	0	0	0	0	0	0	0	0	0	0	0	0	0	0	0	0	0	0	0	0	0	0	0	0	0	0	0	0	0	0	0	0	0	
10/03/2022 09:40:09	0	0	8	14.98	15	0	3394	2351	3.491	3.4921	0	0	False	-4.246666	-4.25	-4.236667	4.25	0.0226	2.7725	3.521	3.529	-1	-0.034	3.491	0	0	0	0	0	0	0	0	0	0	0	0	0	0	0	17.2	0	0	0	0	0	0	0	0	0	0	0	0	0	0	0	0	0	0	0	0	0	0	0	0	0	0	0	0	0	0	0	0	0	0	
10/03/2022 09:40:19	0	0	8	14.99	15	0	3406	2361	3.489	3.4896	0	0	False	-4.25	-4.245	-4.241667	4.25	0.0226	2.7843	3.521	3.521	-1	-0.034	3.489	0	0	0	0	0	0	0	0	0	0	0	0	0	0	0	17.2	0	0	0	0	0	0	0	0	0	0	0	0	0	0	0	0	0	0	0	0	0	0	0	0	0	0	0	0	0	0	0	0	0	0	
10/03/2022 09:40:29	0	0	8	14.98	15	0	3400	2371	3.486	3.4871	0	0	False	-4.25	-4.251667	-4.236667	4.25	0.0226	2.796	3.521	3.521	-1	-0.023	3.486	0	0	0	0	0	0	0	0	0	0	0	0	0	0	0	17.2	0	0	0	0	0	0	0	0	0	0	0	0	0	0	0	0	0	0	0	0	0	0	0	0	0	0	0	0	0	0	0	0	0	0	
10/03/2022 09:40:39	0	0	8	14.98	15	0	3402	2381	3.484	3.4846	0	0	False	-4.248333	-4.25	-4.258333	4.25	0.0226	2.8078	3.509	3.521	-1	-0.023	3.484	0	0	0	0	0	0	0	0	0	0	0	0	0	0	0	17.2	0	0	0	0	0	0	0	0	0	0	0	0	0	0	0	0	0	0	0	0	0	0	0	0	0	0	0	0	0	0	0	0	0	0	
10/03/2022 09:40:50	0	0	8	14.99	15	0	3398	2391	3.481	3.4821	0	0	False	-4.248333	-4.248333	-4.215	4.25	0.0226	2.8197	3.509	3.521	-1	-0.034	3.481	0	0	0	0	0	0	0	0	0	0	0	0	0	0	0	17.2	0	0	0	0	0	0	0	0	0	0	0	0	0	0	0	0	0	0	0	0	0	0	0	0	0	0	0	0	0	0	0	0	0	0	
10/03/2022 09:41:00	0	0	8	14.98	15	0	3400	2401	3.479	3.4796	0	0	False	-4.246666	-4.245	-4.258333	4.25	0.0226	2.8326	3.509	3.516	-1	-0.034	3.479	0	0	0	0	0	0	0	0	0	0	0	0	0	0	0	17.2	0	0	0	0	0	0	0	0	0	0	0	0	0	0	0	0	0	0	0	0	0	0	0	0	0	0	0	0	0	0	0	0	0	0	
10/03/2022 09:41:10	0	0	8	14.99	15	0	3402	2412	3.476	3.4771	0	0	False	-4.248333	-4.248333	-4.246666	4.25	0.0226	2.8444	3.509	3.509	-1	-0.034	3.476	0	0	0	0	0	0	0	0	0	0	0	0	0	0	0	17.2	0	0	0	0	0	0	0	0	0	0	0	0	0	0	0	0	0	0	0	0	0	0	0	0	0	0	0	0	0	0	0	0	0	0	
10/03/2022 09:41:20	0	0	8	14.98	15	0	3394	2422	3.474	3.4751	0	0	False	-4.245	-4.25	-4.246666	4.25	0.0226	2.8562	3.498	3.509	-1	-0.034	3.474	0	0	0	0	0	0	0	0	0	0	0	0	0	0	0	17.2	0	0	0	0	0	0	0	0	0	0	0	0	0	0	0	0	0	0	0	0	0	0	0	0	0	0	0	0	0	0	0	0	0	0	
10/03/2022 09:41:30	0	0	8	14.98	15	0	3400	2432	3.472	3.4723	0	0	False	-4.248333	-4.246666	-4.231667	4.25	0.0226	2.868	3.498	3.509	-1	-0.023	3.472	0	0	0	0	0	0	0	0	0	0	0	0	0	0	0	17.2	0	0	0	0	0	0	0	0	0	0	0	0	0	0	0	0	0	0	0	0	0	0	0	0	0	0	0	0	0	0	0	0	0	0	
10/03/2022 09:41:40	0	0	8	14.99	15	0	3396	2442	3.469	3.4696	0	0	False	-4.248333	-4.251667	-4.241667	4.25	0.0226	2.8798	3.498	3.507	-1	-0.034	3.469	0	0	0	0	0	0	0	0	0	0	0	0	0	0	0	17.2	0	0	0	0	0	0	0	0	0	0	0	0	0	0	0	0	0	0	0	0	0	0	0	0	0	0	0	0	0	0	0	0	0	0	
10/03/2022 09:41:50	0	0	8	14.99	15	0	3398	2452	3.466	3.4671	0	0	False	-4.246666	-4.246666	-4.253334	4.25	0.0226	2.8916	3.498	3.498	-1	-0.023	3.466	0	0	0	0	0	0	0	0	0	0	0	0	0	0	0	17.2	0	0	0	0	0	0	0	0	0	0	0	0	0	0	0	0	0	0	0	0	0	0	0	0	0	0	0	0	0	0	0	0	0	0	
10/03/2022 09:42:00	0	0	8	14.98	15	0	3404	2462	3.464	3.4646	0	0	False	-4.251667	-4.251667	-4.22	4.25	0.0226	2.9034	3.486	3.498	-1	-0.034	3.464	0	0	0	0	0	0	0	0	0	0	0	0	0	0	0	17.2	0	0	0	0	0	0	0	0	0	0	0	0	0	0	0	0	0	0	0	0	0	0	0	0	0	0	0	0	0	0	0	0	0	0	
10/03/2022 09:42:10	0	0	8	14.99	15	0	3400	2472	3.461	3.4621	0	0	False	-4.246666	-4.248333	-4.268333	4.25	0.0226	2.9152	3.486	3.498	-1	-0.023	3.461	0	0	0	0	0	0	0	0	0	0	0	0	0	0	0	17.2	0	0	0	0	0	0	0	0	0	0	0	0	0	0	0	0	0	0	0	0	0	0	0	0	0	0	0	0	0	0	0	0	0	0	
10/03/2022 09:42:20	0	0	8	14.98	15	0	3402	2482	3.459	3.4596	0	0	False	-4.248333	-4.245	-4.231667	4.25	0.0226	2.927	3.486	3.498	-1	-0.034	3.459	0	0	0	0	0	0	0	0	0	0	0	0	0	0	0	17.2	0	0	0	0	0	0	0	0	0	0	0	0	0	0	0	0	0	0	0	0	0	0	0	0	0	0	0	0	0	0	0	0	0	0	
10/03/2022 09:42:30	0	0	8	14.99	15	0	3406	2492	3.456	3.4569	0	0	False	-4.246666	-4.245	-4.241667	4.25	0.0226	2.9388	3.486	3.493	-1	-0.034	3.456	0	0	0	0	0	0	0	0	0	0	0	0	0	0	0	17.2	0	0	0	0	0	0	0	0	0	0	0	0	0	0	0	0	0	0	0	0	0	0	0	0	0	0	0	0	0	0	0	0	0	0	
10/03/2022 09:42:40	0	0	8	14.98	15	0	3408	2502	3.454	3.4546	0	0	False	-4.25	-4.243333	-4.258333	4.25	0.0226	2.9506	3.486	3.486	-1	-0.023	3.454	0	0	0	0	0	0	0	0	0	0	0	0	0	0	0	17.2	0	0	0	0	0	0	0	0	0	0	0	0	0	0	0	0	0	0	0	0	0	0	0	0	0	0	0	0	0	0	0	0	0	0	
10/03/2022 09:42:51	0	0	8	14.98	15	0	3400	2512	3.451	3.4518	0	0	False	-4.248333	-4.251667	-4.258333	4.25	0.0226	2.9624	3.475	3.486	-1	-0.034	3.451	0	0	0	0	0	0	0	0	0	0	0	0	0	0	0	17.2	0	0	0	0	0	0	0	0	0	0	0	0	0	0	0	0	0	0	0	0	0	0	0	0	0	0	0	0	0	0	0	0	0	0	
10/03/2022 09:43:01	0	0	8	14.98	15	0	3396	2522	3.448	3.4485	0	0	False	-4.25	-4.251667	-4.241667	4.25	0.0226	2.9742	3.475	3.486	-1	-0.034	3.448	0	0	0	0	0	0	0	0	0	0	0	0	0	0	0	17.2	0	0	0	0	0	0	0	0	0	0	0	0	0	0	0	0	0	0	0	0	0	0	0	0	0	0	0	0	0	0	0	0	0	0	
10/03/2022 09:43:11	0	0	8	14.98	15	0	3402	2532	3.445	3.4458	0	0	False	-4.248333	-4.245	-4.253334	4.25	0.0226	2.986	3.475	3.479	-1	-0.034	3.445	0	0	0	0	0	0	0	0	0	0	0	0	0	0	0	17.2	0	0	0	0	0	0	0	0	0	0	0	0	0	0	0	0	0	0	0	0	0	0	0	0	0	0	0	0	0	0	0	0	0	0	
10/03/2022 09:43:21	0	0	8	14.98	15	0	3392	2542	3.443	3.4433	0	0	False	-4.25	-4.251667	-4.241667	4.25	0.0226	2.9978	3.475	3.475	-1	-0.034	3.443	0	0	0	0	0	0	0	0	0	0	0	0	0	0	0	17.2	0	0	0	0	0	0	0	0	0	0	0	0	0	0	0	0	0	0	0	0	0	0	0	0	0	0	0	0	0	0	0	0	0	0	
10/03/2022 09:43:31	0	0	8	14.98	15	0	3396	2552	3.44	3.4406	0	0	False	-4.25	-4.253334	-4.253334	4.25	0.0226	3.0097	3.463	3.475	-1	-0.023	3.44	0	0	0	0	0	0	0	0	0	0	0	0	0	0	0	17.2	0	0	0	0	0	0	0	0	0	0	0	0	0	0	0	0	0	0	0	0	0	0	0	0	0	0	0	0	0	0	0	0	0	0	
10/03/2022 09:43:41	0	0	8	14.98	15	0	3404	2562	3.437	3.4376	0	0	False	-4.245	-4.241667	-4.215	4.25	0.0226	3.0214	3.475	3.475	-1	-0.034	3.437	0	0	0	0	0	0	0	0	0	0	0	0	0	0	0	17.2	0	0	0	0	0	0	0	0	0	0	0	0	0	0	0	0	0	0	0	0	0	0	0	0	0	0	0	0	0	0	0	0	0	0	
10/03/2022 09:43:51	0	0	8	14.98	15	0	3400	2572	3.434	3.4346	0	0	False	-4.248333	-4.25	-4.253334	4.25	0.0226	3.0332	3.463	3.467	-1	-0.023	3.434	0	0	0	0	0	0	0	0	0	0	0	0	0	0	0	17.2	0	0	0	0	0	0	0	0	0	0	0	0	0	0	0	0	0	0	0	0	0	0	0	0	0	0	0	0	0	0	0	0	0	0	
10/03/2022 09:44:01	0	0	8	14.98	15	0	3396	2582	3.431	3.432	0	0	False	-4.246666	-4.253334	-4.258333	4.25	0.0226	3.045	3.452	3.463	-1	-0.023	3.431	0	0	0	0	0	0	0	0	0	0	0	0	0	0	0	17.2	0	0	0	0	0	0	0	0	0	0	0	0	0	0	0	0	0	0	0	0	0	0	0	0	0	0	0	0	0	0	0	0	0	0	
10/03/2022 09:44:11	0	0	8	14.98	15	0	3402	2592	3.428	3.429	0	0	False	-4.251667	-4.253334	-4.241667	4.25	0.0226	3.0569	3.463	3.463	-1	-0.023	3.428	0	0	0	0	0	0	0	0	0	0	0	0	0	0	0	17.2	0	0	0	0	0	0	0	0	0	0	0	0	0	0	0	0	0	0	0	0	0	0	0	0	0	0	0	0	0	0	0	0	0	0	
10/03/2022 09:44:21	0	0	8	14.98	15	0	3390	2602	3.425	3.4258	0	0	False	-4.251667	-4.251667	-4.231667	4.25	0.0226	3.0687	3.452	3.463	-1	-0.023	3.425	0	0	0	0	0	0	0	0	0	0	0	0	0	0	0	17.2	0	0	0	0	0	0	0	0	0	0	0	0	0	0	0	0	0	0	0	0	0	0	0	0	0	0	0	0	0	0	0	0	0	0	
10/03/2022 09:44:31	0	0	8	14.99	15	0	3396	2612	3.423	3.4232	0	0	False	-4.246666	-4.251667	-4.258333	4.25	0.0226	3.0805	3.452	3.452	-1	-0.034	3.423	0	0	0	0	0	0	0	0	0	0	0	0	0	0	0	17.2	0	0	0	0	0	0	0	0	0	0	0	0	0	0	0	0	0	0	0	0	0	0	0	0	0	0	0	0	0	0	0	0	0	0	
10/03/2022 09:44:41	0	0	8	14.98	15	0	3400	2622	3.419	3.4196	0	0	False	-4.248333	-4.253334	-4.253334	4.25	0.0226	3.0923	3.452	3.452	-1	-0.023	3.419	0	0	0	0	0	0	0	0	0	0	0	0	0	0	0	17.2	0	0	0	0	0	0	0	0	0	0	0	0	0	0	0	0	0	0	0	0	0	0	0	0	0	0	0	0	0	0	0	0	0	0	
10/03/2022 09:44:51	0	0	8	14.98	15	0	3396	2632	3.416	3.4171	0	0	False	-4.248333	-4.251667	-4.241667	4.25	0.0226	3.1041	3.44	3.452	-1	-0.023	3.416	0	0	0	0	0	0	0	0	0	0	0	0	0	0	0	17.2	0	0	0	0	0	0	0	0	0	0	0	0	0	0	0	0	0	0	0	0	0	0	0	0	0	0	0	0	0	0	0	0	0	0	
10/03/2022 09:45:01	0	0	8	14.99	15	0	3398	2642	3.413	3.4138	0	0	False	-4.245	-4.251667	-4.253334	4.25	0.0226	3.1159	3.44	3.451	-1	-0.034	3.413	0	0	0	0	0	0	0	0	0	0	0	0	0	0	0	17.2	0	0	0	0	0	0	0	0	0	0	0	0	0	0	0	0	0	0	0	0	0	0	0	0	0	0	0	0	0	0	0	0	0	0	
10/03/2022 09:45:11	0	0	8	14.98	15	0	3398	2652	3.41	3.4108	0	0	False	-4.25	-4.25	-4.241667	4.25	0.0226	3.1277	3.44	3.44	-1	-0.023	3.41	0	0	0	0	0	0	0	0	0	0	0	0	0	0	0	17.2	0	0	0	0	0	0	0	0	0	0	0	0	0	0	0	0	0	0	0	0	0	0	0	0	0	0	0	0	0	0	0	0	0	0	
10/03/2022 09:45:21	0	0	8	14.98	15	0	3406	2662	3.407	3.408	0	0	False	-4.245	-4.243333	-4.253334	4.25	0.0226	3.1395	3.429	3.44	-1	-0.023	3.407	0	0	0	0	0	0	0	0	0	0	0	0	0	0	0	17.2	0	0	0	0	0	0	0	0	0	0	0	0	0	0	0	0	0	0	0	0	0	0	0	0	0	0	0	0	0	0	0	0	0	0	
10/03/2022 09:45:31	0	0	8	14.99	15	0	3402	2672	3.404	3.4046	0	0	False	-4.248333	-4.245	-4.231667	4.25	0.0226	3.1513	3.429	3.44	-1	-0.023	3.404	0	0	0	0	0	0	0	0	0	0	0	0	0	0	0	17.2	0	0	0	0	0	0	0	0	0	0	0	0	0	0	0	0	0	0	0	0	0	0	0	0	0	0	0	0	0	0	0	0	0	0	
10/03/2022 09:45:41	0	0	8	14.98	15	0	3404	2682	3.401	3.4015	0	0	False	-4.246666	-4.246666	-4.246666	4.25	0.0226	3.1631	3.429	3.435	-1	-0.034	3.401	0	0	0	0	0	0	0	0	0	0	0	0	0	0	0	17.2	0	0	0	0	0	0	0	0	0	0	0	0	0	0	0	0	0	0	0	0	0	0	0	0	0	0	0	0	0	0	0	0	0	0	
10/03/2022 09:45:51	0	0	8	14.98	15	0	3398	2692	3.396	3.3971	0	0	False	-4.246666	-4.253334	-4.253334	4.25	0.0226	3.1749	3.417	3.429	-1	-0.034	3.396	0	0	0	0	0	0	0	0	0	0	0	0	0	0	0	17.2	0	0	0	0	0	0	0	0	0	0	0	0	0	0	0	0	0	0	0	0	0	0	0	0	0	0	0	0	0	0	0	0	0	0	
10/03/2022 09:46:02	0	0	8	14.99	15	0	3400	2702	3.393	3.3939	0	0	False	-4.246666	-4.246666	-4.258333	4.25	0.0226	3.1867	3.417	3.429	-1	-0.023	3.393	0	0	0	0	0	0	0	0	0	0	0	0	0	0	0	17.2	0	0	0	0	0	0	0	0	0	0	0	0	0	0	0	0	0	0	0	0	0	0	0	0	0	0	0	0	0	0	0	0	0	0	
10/03/2022 09:46:12	0	0	8	14.98	15	0	3406	2712	3.39	3.3907	0	0	False	-4.25	-4.243333	-4.265	4.25	0.0226	3.1985	3.417	3.428	-1	-0.034	3.39	0	0	0	0	0	0	0	0	0	0	0	0	0	0	0	17.2	0	0	0	0	0	0	0	0	0	0	0	0	0	0	0	0	0	0	0	0	0	0	0	0	0	0	0	0	0	0	0	0	0	0	
10/03/2022 09:46:22	0	0	8	14.98	15	0	3402	2722	3.386	3.3871	0	0	False	-4.245	-4.248333	-4.253334	4.25	0.0226	3.2103	3.417	3.418	-1	-0.023	3.386	0	0	0	0	0	0	0	0	0	0	0	0	0	0	0	17.2	0	0	0	0	0	0	0	0	0	0	0	0	0	0	0	0	0	0	0	0	0	0	0	0	0	0	0	0	0	0	0	0	0	0	
10/03/2022 09:46:32	0	0	8	14.99	15	0	3406	2732	3.383	3.3841	0	0	False	-4.248333	-4.251667	-4.22	4.25	0.0226	3.2221	3.406	3.417	-1	-0.023	3.383	0	0	0	0	0	0	0	0	0	0	0	0	0	0	0	17.2	0	0	0	0	0	0	0	0	0	0	0	0	0	0	0	0	0	0	0	0	0	0	0	0	0	0	0	0	0	0	0	0	0	0	
10/03/2022 09:46:42	0	0	8	14.99	15	0	3400	2742	3.38	3.3808	0	0	False	-4.248333	-4.248333	-4.241667	4.25	0.0226	3.2339	3.406	3.417	-1	-0.034	3.38	0	0	0	0	0	0	0	0	0	0	0	0	0	0	0	17.2	0	0	0	0	0	0	0	0	0	0	0	0	0	0	0	0	0	0	0	0	0	0	0	0	0	0	0	0	0	0	0	0	0	0	
10/03/2022 09:46:52	0	0	8	14.98	15	0	3400	2752	3.376	3.3771	0	0	False	-4.245	-4.243333	-4.258333	4.25	0.0226	3.2457	3.406	3.412	-1	-0.023	3.376	0	0	0	0	0	0	0	0	0	0	0	0	0	0	0	17.2	0	0	0	0	0	0	0	0	0	0	0	0	0	0	0	0	0	0	0	0	0	0	0	0	0	0	0	0	0	0	0	0	0	0	
10/03/2022 09:47:02	0	0	8	14.98	15	0	3394	2762	3.373	3.3733	0	0	False	-4.248333	-4.251667	-4.258333	4.25	0.0226	3.2575	3.406	3.406	-1	-0.034	3.373	0	0	0	0	0	0	0	0	0	0	0	0	0	0	0	17.2	0	0	0	0	0	0	0	0	0	0	0	0	0	0	0	0	0	0	0	0	0	0	0	0	0	0	0	0	0	0	0	0	0	0	
10/03/2022 09:47:12	0	0	8	14.98	15	0	3402	2772	3.369	3.3696	0	0	False	-4.25	-4.246666	-4.258333	4.25	0.0226	3.2693	3.394	3.406	-1	-0.034	3.369	0	0	0	0	0	0	0	0	0	0	0	0	0	0	0	17.2	0	0	0	0	0	0	0	0	0	0	0	0	0	0	0	0	0	0	0	0	0	0	0	0	0	0	0	0	0	0	0	0	0	0	
10/03/2022 09:47:22	0	0	8	14.98	15	0	3398	2782	3.365	3.3658	0	0	False	-4.25	-4.251667	-4.22	4.25	0.0226	3.2811	3.394	3.402	-1	-0.034	3.365	0	0	0	0	0	0	0	0	0	0	0	0	0	0	0	17.2	0	0	0	0	0	0	0	0	0	0	0	0	0	0	0	0	0	0	0	0	0	0	0	0	0	0	0	0	0	0	0	0	0	0	
10/03/2022 09:47:32	0	0	8	14.98	15	0	3398	2792	3.361	3.3621	0	0	False	-4.246666	-4.251667	-4.258333	4.25	0.0226	3.2929	3.394	3.394	-1	-0.034	3.361	0	0	0	0	0	0	0	0	0	0	0	0	0	0	0	17.2	0	0	0	0	0	0	0	0	0	0	0	0	0	0	0	0	0	0	0	0	0	0	0	0	0	0	0	0	0	0	0	0	0	0	
10/03/2022 09:47:42	0	0	8	14.98	15	0	3400	2802	3.358	3.3583	0	0	False	-4.253334	-4.248333	-4.241667	4.25	0.0226	3.3046	3.371	3.394	-1	-0.011	3.358	0	0	0	0	0	0	0	0	0	0	0	0	0	0	0	17.2	0	0	0	0	0	0	0	0	0	0	0	0	0	0	0	0	0	0	0	0	0	0	0	0	0	0	0	0	0	0	0	0	0	0	
10/03/2022 09:47:52	0	0	8	14.98	15	0	3392	2812	3.354	3.3543	0	0	False	-4.246666	-4.25	-4.22	4.25	0.0226	3.3165	3.371	3.387	-1	-0.034	3.354	0	0	0	0	0	0	0	0	0	0	0	0	0	0	0	17.2	0	0	0	0	0	0	0	0	0	0	0	0	0	0	0	0	0	0	0	0	0	0	0	0	0	0	0	0	0	0	0	0	0	0	
10/03/2022 09:48:02	0	0	8	14.98	15	0	3402	2822	3.349	3.3496	0	0	False	-4.248333	-4.245	-4.236667	4.25	0.0226	3.3283	3.383	3.383	-1	-0.034	3.349	0	0	0	0	0	0	0	0	0	0	0	0	0	0	0	17.2	0	0	0	0	0	0	0	0	0	0	0	0	0	0	0	0	0	0	0	0	0	0	0	0	0	0	0	0	0	0	0	0	0	0	
10/03/2022 09:48:12	0	0	8	14.98	15	0	3400	2832	3.345	3.3456	0	0	False	-4.25	-4.248333	-4.236667	4.25	0.0226	3.3401	3.371	3.383	-1	-0.034	3.345	0	0	0	0	0	0	0	0	0	0	0	0	0	0	0	17.2	0	0	0	0	0	0	0	0	0	0	0	0	0	0	0	0	0	0	0	0	0	0	0	0	0	0	0	0	0	0	0	0	0	0	
10/03/2022 09:48:23	0	0	8	14.98	15	0	3398	2842	3.34	3.3408	0	0	False	-4.248333	-4.253334	-4.236667	4.25	0.0226	3.3519	3.371	3.371	-1	-0.034	3.34	0	0	0	0	0	0	0	0	0	0	0	0	0	0	0	17.2	0	0	0	0	0	0	0	0	0	0	0	0	0	0	0	0	0	0	0	0	0	0	0	0	0	0	0	0	0	0	0	0	0	0	
10/03/2022 09:48:33	0	0	8	14.98	15	0	3400	2852	3.335	3.3358	0	0	False	-4.246666	-4.25	-4.258333	4.25	0.0226	3.3637	3.36	3.371	-1	-0.023	3.335	0	0	0	0	0	0	0	0	0	0	0	0	0	0	0	17.2	0	0	0	0	0	0	0	0	0	0	0	0	0	0	0	0	0	0	0	0	0	0	0	0	0	0	0	0	0	0	0	0	0	0	
10/03/2022 09:48:43	0	0	8	14.98	15	0	3398	2862	3.33	3.3308	0	0	False	-4.251667	-4.248333	-4.236667	4.25	0.0226	3.3755	3.36	3.364	-1	-0.034	3.33	0	0	0	0	0	0	0	0	0	0	0	0	0	0	0	17.2	0	0	0	0	0	0	0	0	0	0	0	0	0	0	0	0	0	0	0	0	0	0	0	0	0	0	0	0	0	0	0	0	0	0	
10/03/2022 09:48:53	0	0	8	14.99	15	0	3396	2872	3.325	3.326	0	0	False	-4.246666	-4.255	-4.258333	4.25	0.0226	3.3873	3.36	3.36	-1	-0.023	3.325	0	0	0	0	0	0	0	0	0	0	0	0	0	0	0	17.2	0	0	0	0	0	0	0	0	0	0	0	0	0	0	0	0	0	0	0	0	0	0	0	0	0	0	0	0	0	0	0	0	0	0	
10/03/2022 09:49:03	0	0	8	14.98	15	0	3404	2882	3.32	3.3208	0	0	False	-4.25	-4.246666	-4.265	4.25	0.0226	3.3991	3.349	3.359	-1	-0.034	3.32	0	0	0	0	0	0	0	0	0	0	0	0	0	0	0	17.2	0	0	0	0	0	0	0	0	0	0	0	0	0	0	0	0	0	0	0	0	0	0	0	0	0	0	0	0	0	0	0	0	0	0	
10/03/2022 09:49:13	0	0	8	14.99	15	0	3410	2892	3.315	3.3157	0	0	False	-4.246666	-4.241667	-4.241667	4.25	0.0226	3.4109	3.337	3.349	-1	-0.023	3.315	0	0	0	0	0	0	0	0	0	0	0	0	0	0	0	17.2	0	0	0	0	0	0	0	0	0	0	0	0	0	0	0	0	0	0	0	0	0	0	0	0	0	0	0	0	0	0	0	0	0	0	
10/03/2022 09:49:23	0	0	8	14.98	15	0	3408	2902	3.309	3.3095	0	0	False	-4.246666	-4.238333	-4.236667	4.25	0.0226	3.4227	3.337	3.346	-1	-0.034	3.309	0	0	0	0	0	0	0	0	0	0	0	0	0	0	0	17.2	0	0	0	0	0	0	0	0	0	0	0	0	0	0	0	0	0	0	0	0	0	0	0	0	0	0	0	0	0	0	0	0	0	0	
10/03/2022 09:49:33	0	0	8	14.98	15	0	3400	2912	3.303	3.3039	0	0	False	-4.248333	-4.248333	-4.258333	4.25	0.0226	3.4345	3.326	3.337	-1	-0.034	3.303	0	0	0	0	0	0	0	0	0	0	0	0	0	0	0	17.2	0	0	0	0	0	0	0	0	0	0	0	0	0	0	0	0	0	0	0	0	0	0	0	0	0	0	0	0	0	0	0	0	0	0	
10/03/2022 09:49:43	0	0	8	14.98	15	0	3402	2922	3.297	3.2977	0	0	False	-4.245	-4.25	-4.253334	4.25	0.0226	3.4463	3.326	3.333	-1	-0.023	3.297	0	0	0	0	0	0	0	0	0	0	0	0	0	0	0	17.2	0	0	0	0	0	0	0	0	0	0	0	0	0	0	0	0	0	0	0	0	0	0	0	0	0	0	0	0	0	0	0	0	0	0	
10/03/2022 09:49:53	0	0	8	14.99	15	0	3396	2932	3.29	3.291	0	0	False	-4.248333	-4.246666	-4.231667	4.25	0.0226	3.4581	3.314	3.326	-1	-0.023	3.29	0	0	0	0	0	0	0	0	0	0	0	0	0	0	0	17.2	0	0	0	0	0	0	0	0	0	0	0	0	0	0	0	0	0	0	0	0	0	0	0	0	0	0	0	0	0	0	0	0	0	0	
10/03/2022 09:50:03	0	0	8	14.98	15	0	3396	2942	3.284	3.2846	0	0	False	-4.246666	-4.251667	-4.236667	4.25	0.0226	3.4699	3.314	3.314	-1	-0.034	3.284	0	0	0	0	0	0	0	0	0	0	0	0	0	0	0	17.2	0	0	0	0	0	0	0	0	0	0	0	0	0	0	0	0	0	0	0	0	0	0	0	0	0	0	0	0	0	0	0	0	0	0	
10/03/2022 09:50:13	0	0	8	14.98	15	0	3400	2952	3.277	3.2778	0	0	False	-4.25	-4.25	-4.241667	4.25	0.0226	3.4817	3.303	3.314	-1	-0.034	3.277	0	0	0	0	0	0	0	0	0	0	0	0	0	0	0	17.2	0	0	0	0	0	0	0	0	0	0	0	0	0	0	0	0	0	0	0	0	0	0	0	0	0	0	0	0	0	0	0	0	0	0	
10/03/2022 09:50:23	0	0	8	14.99	15	0	3400	2962	3.27	3.2705	0	0	False	-4.245	-4.251667	-4.241667	4.25	0.0226	3.4935	3.291	3.303	-1	-0.023	3.27	0	0	0	0	0	0	0	0	0	0	0	0	0	0	0	17.2	0	0	0	0	0	0	0	0	0	0	0	0	0	0	0	0	0	0	0	0	0	0	0	0	0	0	0	0	0	0	0	0	0	0	
10/03/2022 09:50:34	0	0	8	14.98	15	0	3396	2972	3.26	3.2609	0	0	False	-4.248333	-4.255	-4.28	4.25	0.0226	3.5053	3.28	3.291	-1	-0.034	3.26	0	0	0	0	0	0	0	0	0	0	0	0	0	0	0	17.2	0	0	0	0	0	0	0	0	0	0	0	0	0	0	0	0	0	0	0	0	0	0	0	0	0	0	0	0	0	0	0	0	0	0	
10/03/2022 09:50:44	0	0	8	14.98	15	0	3398	2982	3.253	3.2533	0	0	False	-4.246666	-4.248333	-4.265	4.25	0.0226	3.5171	3.28	3.289	-1	-0.034	3.253	0	0	0	0	0	0	0	0	0	0	0	0	0	0	0	17.2	0	0	0	0	0	0	0	0	0	0	0	0	0	0	0	0	0	0	0	0	0	0	0	0	0	0	0	0	0	0	0	0	0	0	
10/03/2022 09:50:54	0	0	8	14.98	15	0	3412	2992	3.244	3.2445	0	0	False	-4.248333	-4.238333	-4.236667	4.25	0.0226	3.5289	3.268	3.28	-1	-0.023	3.244	0	0	0	0	0	0	0	0	0	0	0	0	0	0	0	17.2	0	0	0	0	0	0	0	0	0	0	0	0	0	0	0	0	0	0	0	0	0	0	0	0	0	0	0	0	0	0	0	0	0	0	
10/03/2022 09:51:04	0	0	8	14.98	15	0	3400	3002	3.235	3.2358	0	0	False	-4.248333	-4.25	-4.258333	4.25	0.0226	3.5407	3.257	3.268	-1	-0.034	3.235	0	0	0	0	0	0	0	0	0	0	0	0	0	0	0	17.2	0	0	0	0	0	0	0	0	0	0	0	0	0	0	0	0	0	0	0	0	0	0	0	0	0	0	0	0	0	0	0	0	0	0	
10/03/2022 09:51:14	0	0	8	14.98	15	0	3396	3012	3.226	3.2264	0	0	False	-4.248333	-4.248333	-4.236667	4.25	0.0226	3.5525	3.245	3.257	-1	-0.034	3.226	0	0	0	0	0	0	0	0	0	0	0	0	0	0	0	17.2	0	0	0	0	0	0	0	0	0	0	0	0	0	0	0	0	0	0	0	0	0	0	0	0	0	0	0	0	0	0	0	0	0	0	
10/03/2022 09:51:24	0	0	8	14.99	15	0	3406	3022	3.216	3.217	0	0	False	-4.25	-4.243333	-4.236667	4.25	0.0226	3.5643	3.245	3.254	-1	-0.034	3.216	0	0	0	0	0	0	0	0	0	0	0	0	0	0	0	17.2	0	0	0	0	0	0	0	0	0	0	0	0	0	0	0	0	0	0	0	0	0	0	0	0	0	0	0	0	0	0	0	0	0	0	
10/03/2022 09:51:34	0	0	8	14.98	15	0	3400	3032	3.206	3.2065	0	0	False	-4.251667	-4.251667	-4.236667	4.25	0.0226	3.5761	3.234	3.243	-1	-0.034	3.206	0	0	0	0	0	0	0	0	0	0	0	0	0	0	0	17.2	0	0	0	0	0	0	0	0	0	0	0	0	0	0	0	0	0	0	0	0	0	0	0	0	0	0	0	0	0	0	0	0	0	0	
10/03/2022 09:51:44	0	0	8	14.98	15	0	3400	3042	3.195	3.1958	0	0	False	-4.248333	-4.253334	-4.246666	4.25	0.0226	3.5879	3.222	3.232	-1	-0.034	3.195	0	0	0	0	0	0	0	0	0	0	0	0	0	0	0	17.2	0	0	0	0	0	0	0	0	0	0	0	0	0	0	0	0	0	0	0	0	0	0	0	0	0	0	0	0	0	0	0	0	0	0	
10/03/2022 09:51:54	0	0	8	14.99	15	0	3394	3052	3.184	3.1848	0	0	False	-4.251667	-4.253334	-4.253334	4.25	0.0226	3.5997	3.211	3.221	-1	-0.034	3.184	0	0	0	0	0	0	0	0	0	0	0	0	0	0	0	17.2	0	0	0	0	0	0	0	0	0	0	0	0	0	0	0	0	0	0	0	0	0	0	0	0	0	0	0	0	0	0	0	0	0	0	
10/03/2022 09:52:04	0	0	8	14.98	15	0	3398	3062	3.173	3.1733	0	0	False	-4.245	-4.246666	-4.258333	4.25	0.0226	3.6115	3.199	3.207	-1	-0.023	3.173	0	0	0	0	0	0	0	0	0	0	0	0	0	0	0	17.2	0	0	0	0	0	0	0	0	0	0	0	0	0	0	0	0	0	0	0	0	0	0	0	0	0	0	0	0	0	0	0	0	0	0	
10/03/2022 09:52:14	0	0	8	14.98	15	0	3390	3072	3.16	3.1609	0	0	False	-4.246666	-4.253334	-4.253334	4.25	0.0226	3.6233	3.188	3.193	-1	-0.023	3.16	0	0	0	0	0	0	0	0	0	0	0	0	0	0	0	17.2	0	0	0	0	0	0	0	0	0	0	0	0	0	0	0	0	0	0	0	0	0	0	0	0	0	0	0	0	0	0	0	0	0	0	
10/03/2022 09:52:24	0	0	8	14.98	15	0	3404	3082	3.148	3.1483	0	0	False	-4.248333	-4.245	-4.236667	4.25	0.0226	3.6351	3.165	3.177	-1	-0.023	3.148	0	0	0	0	0	0	0	0	0	0	0	0	0	0	0	17.2	0	0	0	0	0	0	0	0	0	0	0	0	0	0	0	0	0	0	0	0	0	0	0	0	0	0	0	0	0	0	0	0	0	0	
10/03/2022 09:52:34	0	0	8	14.98	15	0	3404	3092	3.135	3.1356	0	0	False	-4.248333	-4.248333	-4.231667	4.25	0.0226	3.6469	3.154	3.165	-1	-0.023	3.135	0	0	0	0	0	0	0	0	0	0	0	0	0	0	0	17.2	0	0	0	0	0	0	0	0	0	0	0	0	0	0	0	0	0	0	0	0	0	0	0	0	0	0	0	0	0	0	0	0	0	0	
10/03/2022 09:52:45	0	0	8	14.98	15	0	3408	3103	3.119	3.1198	0	0	False	-4.246666	-4.243333	-4.241667	4.25	0.0226	3.6599	3.142	3.154	-1	-0.023	3.119	0	0	0	0	0	0	0	0	0	0	0	0	0	0	0	17.2	0	0	0	0	0	0	0	0	0	0	0	0	0	0	0	0	0	0	0	0	0	0	0	0	0	0	0	0	0	0	0	0	0	0	
10/03/2022 09:52:55	0	0	8	14.98	15	0	3398	3113	3.105	3.1058	0	0	False	-4.245	-4.246666	-4.253334	4.25	0.0226	3.6717	3.131	3.14	-1	-0.034	3.105	0	0	0	0	0	0	0	0	0	0	0	0	0	0	0	17.2	0	0	0	0	0	0	0	0	0	0	0	0	0	0	0	0	0	0	0	0	0	0	0	0	0	0	0	0	0	0	0	0	0	0	
10/03/2022 09:53:05	0	0	8	14.98	15	0	3388	3123	3.09	3.0908	0	0	False	-4.248333	-4.253334	-4.258333	4.25	0.0226	3.6835	3.119	3.12	-1	-0.034	3.09	0	0	0	0	0	0	0	0	0	0	0	0	0	0	0	17.2	0	0	0	0	0	0	0	0	0	0	0	0	0	0	0	0	0	0	0	0	0	0	0	0	0	0	0	0	0	0	0	0	0	0	
10/03/2022 09:53:15	0	0	8	14.98	15	0	3410	3133	3.075	3.076	0	0	False	-4.248333	-4.238333	-4.22	4.25	0.0226	3.6953	3.096	3.108	-1	-0.023	3.075	0	0	0	0	0	0	0	0	0	0	0	0	0	0	0	17.2	0	0	0	0	0	0	0	0	0	0	0	0	0	0	0	0	0	0	0	0	0	0	0	0	0	0	0	0	0	0	0	0	0	0	
10/03/2022 09:53:25	0	0	8	14.98	15	0	3406	3143	3.059	3.0601	0	0	False	-4.25	-4.241667	-4.241667	4.25	0.0226	3.707	3.085	3.095	-1	-0.034	3.059	0	0	0	0	0	0	0	0	0	0	0	0	0	0	0	17.2	0	0	0	0	0	0	0	0	0	0	0	0	0	0	0	0	0	0	0	0	0	0	0	0	0	0	0	0	0	0	0	0	0	0	
10/03/2022 09:53:35	0	0	8	14.98	15	0	3408	3153	3.043	3.044	0	0	False	-4.248333	-4.241667	-4.236667	4.25	0.0226	3.7188	3.073	3.073	-1	-0.023	3.043	0	0	0	0	0	0	0	0	0	0	0	0	0	0	0	17.2	0	0	0	0	0	0	0	0	0	0	0	0	0	0	0	0	0	0	0	0	0	0	0	0	0	0	0	0	0	0	0	0	0	0	
10/03/2022 09:53:45	0	0	8	14.98	15	0	3400	3163	3.027	3.0273	0	0	False	-4.245	-4.251667	-4.258333	4.25	0.0226	3.7307	3.05	3.061	-1	-0.023	3.027	0	0	0	0	0	0	0	0	0	0	0	0	0	0	0	17.2	0	0	0	0	0	0	0	0	0	0	0	0	0	0	0	0	0	0	0	0	0	0	0	0	0	0	0	0	0	0	0	0	0	0	
10/03/2022 09:53:55	0	0	8	14.98	15	0	3396	3173	3.009	3.01	0	0	False	-4.245	-4.251667	-4.258333	4.25	0.0226	3.7425	3.027	3.039	-1	-0.023	3.009	0	0	0	0	0	0	0	0	0	0	0	0	0	0	0	17.2	0	0	0	0	0	0	0	0	0	0	0	0	0	0	0	0	0	0	0	0	0	0	0	0	0	0	0	0	0	0	0	0	0	0	
10/03/2022 09:54:05	0	0	8	14.99	15	0	3406	3183	2.991	2.9912	0	0	False	-4.246666	-4.245	-4.258333	4.25	0.0226	3.7543	3.016	3.024	-1	-0.034	2.991	0	0	0	0	0	0	0	0	0	0	0	0	0	0	0	17.2	0	0	0	0	0	0	0	0	0	0	0	0	0	0	0	0	0	0	0	0	0	0	0	0	0	0	0	0	0	0	0	0	0	0	
10/03/2022 09:54:15	0	0	8	14.98	15	0	3398	3193	2.972	2.9724	0	0	False	-4.251667	-4.248333	-4.22	4.25	0.0226	3.7661	2.993	3.005	-1	-0.023	2.972	0	0	0	0	0	0	0	0	0	0	0	0	0	0	0	17.2	0	0	0	0	0	0	0	0	0	0	0	0	0	0	0	0	0	0	0	0	0	0	0	0	0	0	0	0	0	0	0	0	0	0	
10/03/2022 09:54:25	0	0	8	14.98	15	0	3412	3202	2.954	2.955	0	0	False	-4.251667	-4.238333	-4.236667	4.25	0.0226	3.7767	2.97	2.984	-1	-0.034	2.954	0	0	0	0	0	0	0	0	0	0	0	0	0	0	0	17.2	0	0	0	0	0	0	0	0	0	0	0	0	0	0	0	0	0	0	0	0	0	0	0	0	0	0	0	0	0	0	0	0	0	0	
10/03/2022 09:54:36	0	0	8	14.98	15	0	3406	3213	2.932	2.9326	0	0	False	-4.25	-4.248333	-4.253334	4.25	0.0226	3.7897	2.947	2.962	-1	-0.034	2.932	0	0	0	0	0	0	0	0	0	0	0	0	0	0	0	17.2	0	0	0	0	0	0	0	0	0	0	0	0	0	0	0	0	0	0	0	0	0	0	0	0	0	0	0	0	0	0	0	0	0	0	
10/03/2022 09:54:46	0	0	8	14.98	15	0	3408	3223	2.911	2.9113	0	0	False	-4.245	-4.245	-4.258333	4.25	0.0226	3.8015	2.936	2.942	-1	-0.023	2.911	0	0	0	0	0	0	0	0	0	0	0	0	0	0	0	17.2	0	0	0	0	0	0	0	0	0	0	0	0	0	0	0	0	0	0	0	0	0	0	0	0	0	0	0	0	0	0	0	0	0	0	
10/03/2022 09:54:56	0	0	8	14.99	15	0	3412	3233	2.888	2.8886	0	0	False	-4.248333	-4.235	-4.231667	4.25	0.0226	3.8133	2.913	2.923	-1	-0.034	2.888	0	0	0	0	0	0	0	0	0	0	0	0	0	0	0	17.2	0	0	0	0	0	0	0	0	0	0	0	0	0	0	0	0	0	0	0	0	0	0	0	0	0	0	0	0	0	0	0	0	0	0	
10/03/2022 09:55:06	0	0	8	14.99	15	0	3410	3243	2.864	2.8645	0	0	False	-4.246666	-4.24	-4.231667	4.25	0.0226	3.8251	2.89	2.901	-1	-0.034	2.864	0	0	0	0	0	0	0	0	0	0	0	0	0	0	0	17.2	0	0	0	0	0	0	0	0	0	0	0	0	0	0	0	0	0	0	0	0	0	0	0	0	0	0	0	0	0	0	0	0	0	0	
10/03/2022 09:55:16	0	0	8	14.99	15	0	3398	3253	2.836	2.8369	0	0	False	-4.25	-4.246666	-4.253334	4.25	0.0226	3.8369	2.867	2.878	-1	-0.034	2.836	0	0	0	0	0	0	0	0	0	0	0	0	0	0	0	17.2	0	0	0	0	0	0	0	0	0	0	0	0	0	0	0	0	0	0	0	0	0	0	0	0	0	0	0	0	0	0	0	0	0	0	
10/03/2022 09:55:26	0	0	8	14.99	15	0	3396	3263	2.808	2.8083	0	0	False	-4.248333	-4.245	-4.193333	4.25	0.0226	3.8487	2.833	2.847	-1	-0.034	2.808	0	0	0	0	0	0	0	0	0	0	0	0	0	0	0	17.2	0	0	0	0	0	0	0	0	0	0	0	0	0	0	0	0	0	0	0	0	0	0	0	0	0	0	0	0	0	0	0	0	0	0	
10/03/2022 09:55:36	0	0	8	14.98	15	0	3396	3273	2.776	2.7761	0	0	False	-4.248333	-4.253334	-4.253334	4.25	0.0226	3.8605	2.798	2.812	-1	-0.034	2.776	0	0	0	0	0	0	0	0	0	0	0	0	0	0	0	17.2	0	0	0	0	0	0	0	0	0	0	0	0	0	0	0	0	0	0	0	0	0	0	0	0	0	0	0	0	0	0	0	0	0	0	
10/03/2022 09:55:46	0	0	8	14.98	15	0	3394	3283	2.739	2.7397	0	0	False	-4.251667	-4.255	-4.258333	4.25	0.0226	3.8722	2.775	2.775	-1	-0.034	2.739	0	0	0	0	0	0	0	0	0	0	0	0	0	0	0	17.2	0	0	0	0	0	0	0	0	0	0	0	0	0	0	0	0	0	0	0	0	0	0	0	0	0	0	0	0	0	0	0	0	0	0	
10/03/2022 09:55:56	0	0	8	14.98	15	0	3406	3293	2.697	2.6971	0	0	False	-4.251667	-4.243333	-4.236667	4.25	0.0226	3.8841	2.729	2.738	-1	-0.023	2.697	0	0	0	0	0	0	0	0	0	0	0	0	0	0	0	17.2	0	0	0	0	0	0	0	0	0	0	0	0	0	0	0	0	0	0	0	0	0	0	0	0	0	0	0	0	0	0	0	0	0	0	
10/03/2022 09:56:06	0	0	8	14.99	15	0	3406	3303	2.649	2.6497	0	0	False	-4.248333	-4.243333	-4.231667	4.25	0.0226	3.8959	2.672	2.683	-1	-0.034	2.649	0	0	0	0	0	0	0	0	0	0	0	0	0	0	0	17.2	0	0	0	0	0	0	0	0	0	0	0	0	0	0	0	0	0	0	0	0	0	0	0	0	0	0	0	0	0	0	0	0	0	0	
10/03/2022 09:56:16	0	0	8	14.98	15	0	3404	3313	2.594	2.5948	0	0	False	-4.248333	-4.245	-4.241667	4.25	0.0226	3.9077	2.615	2.629	-1	-0.023	2.594	0	0	0	0	0	0	0	0	0	0	0	0	0	0	0	17.2	0	0	0	0	0	0	0	0	0	0	0	0	0	0	0	0	0	0	0	0	0	0	0	0	0	0	0	0	0	0	0	0	0	0	
10/03/2022 09:56:26	0	0	8	14.98	15	0	3400	3323	2.53	2.5304	0	0	False	-4.245	-4.248333	-4.231667	4.25	0.0226	3.9195	2.546	2.566	-1	-0.023	2.53	0	0	0	0	0	0	0	0	0	0	0	0	0	0	0	17.2	0	0	0	0	0	0	0	0	0	0	0	0	0	0	0	0	0	0	0	0	0	0	0	0	0	0	0	0	0	0	0	0	0	0	
10/03/2022 09:56:37	0	0	8	14.99	15.01	0	2424	3333	2.501	2.5019	0	0	False	-3.661667	-3.363333	-3.23	4.25	0.0226	3.93	2.523	2.534	-1	-0.023	2.501	0	0	0	0	0	0	0	0	0	0	0	0	0	0	0	17.2	0	0	0	0	0	0	0	0	0	0	0	0	0	0	0	0	0	0	0	0	0	0	0	0	0	0	0	0	0	0	0	0	0	0	
10/03/2022 09:56:47	0	0	8	14.98	15.01	0	2068	3343	2.505	2.5055	0	0	False	-2.985	-2.533333	-2.523333	4.25	0.0226	3.9377	2.534	2.534	-1	-0.034	2.505	0	0	0	0	0	0	0	0	0	0	0	0	0	0	0	17.2	0	0	0	0	0	0	0	0	0	0	0	0	0	0	0	0	0	0	0	0	0	0	0	0	0	0	0	0	0	0	0	0	0	0	
10/03/2022 09:56:57	0	0	8	14.99	15.02	0	1712	3353	2.505	2.5061	0	0	False	-2.33	-2.061667	-2.061667	4.25	0.0226	3.9439	2.534	2.534	-1	-0.023	2.505	0	0	0	0	0	0	0	0	0	0	0	0	0	0	0	17.2	0	0	0	0	0	0	0	0	0	0	0	0	0	0	0	0	0	0	0	0	0	0	0	0	0	0	0	0	0	0	0	0	0	0	
10/03/2022 09:57:07	0	0	8	14.98	15.02	0	1250	3363	2.503	2.5034	0	0	False	-2.14	-1.785	-1.526667	4.25	0.0226	3.9492	2.534	2.534	-1	-0.034	2.503	0	0	0	0	0	0	0	0	0	0	0	0	0	0	0	17.2	0	0	0	0	0	0	0	0	0	0	0	0	0	0	0	0	0	0	0	0	0	0	0	0	0	0	0	0	0	0	0	0	0	0	
10/03/2022 09:57:17	0	0	8	14.99	15.02	0	1274	3373	2.505	2.5055	0	0	False	-1.89	-1.468333	-1.505	4.25	0.0226	3.9535	2.523	2.534	-1	-0.034	2.505	0	0	0	0	0	0	0	0	0	0	0	0	0	0	0	17.2	0	0	0	0	0	0	0	0	0	0	0	0	0	0	0	0	0	0	0	0	0	0	0	0	0	0	0	0	0	0	0	0	0	0	
10/03/2022 09:57:27	0	0	8	14.98	15.02	0	1134	3383	2.503	2.5031	0	0	False	-1.663333	-1.29	-1.301667	4.25	0.0226	3.9573	2.523	2.534	-1	-0.034	2.503	0	0	0	0	0	0	0	0	0	0	0	0	0	0	0	17.2	0	0	0	0	0	0	0	0	0	0	0	0	0	0	0	0	0	0	0	0	0	0	0	0	0	0	0	0	0	0	0	0	0	0	
10/03/2022 09:57:37	0	0	8	14.98	15.02	0	888	3393	2.501	2.5019	0	0	False	-1.428333	-1.111667	-1.008333	4.25	0.0226	3.9606	2.523	2.534	-1	-0.023	2.501	0	0	0	0	0	0	0	0	0	0	0	0	0	0	0	17.2	0	0	0	0	0	0	0	0	0	0	0	0	0	0	0	0	0	0	0	0	0	0	0	0	0	0	0	0	0	0	0	0	0	0	
10/03/2022 09:57:47	0	0	8	14.99	15.02	0	694	3403	2.503	2.5038	0	0	False	-1.223333	-0.9033333	-0.7666667	4.25	0.0226	3.9635	2.534	2.534	-1	-0.034	2.503	0	0	0	0	0	0	0	0	0	0	0	0	0	0	0	17.2	0	0	0	0	0	0	0	0	0	0	0	0	0	0	0	0	0	0	0	0	0	0	0	0	0	0	0	0	0	0	0	0	0	0	
10/03/2022 09:57:57	0	0	8	14.98	15.02	0	718	3414	2.506	2.5069	0	0	False	-1.041667	-0.7433333	-0.7783333	4.25	0.0226	3.9657	2.534	2.534	-1	-0.034	2.506	0	0	0	0	0	0	0	0	0	0	0	0	0	0	0	17.2	0	0	0	0	0	0	0	0	0	0	0	0	0	0	0	0	0	0	0	0	0	0	0	0	0	0	0	0	0	0	0	0	0	0	
10/03/2022 09:58:07	0	0	8	14.98	15.02	0	632	3424	2.501	2.5019	0	0	False	-0.9216667	-0.8	-0.8	4.25	0.0226	3.9679	2.523	2.534	-1	-0.023	2.501	0	0	0	0	0	0	0	0	0	0	0	0	0	0	0	17.2	0	0	0	0	0	0	0	0	0	0	0	0	0	0	0	0	0	0	0	0	0	0	0	0	0	0	0	0	0	0	0	0	0	0	
10/03/2022 09:58:17	0	0	8	14.98	15.02	0	546	3434	2.501	2.502	0	0	False	-0.8166667	-0.63	-0.5683333	4.25	0.0226	3.9697	2.523	2.534	-1	-0.023	2.501	0	0	0	0	0	0	0	0	0	0	0	0	0	0	0	17.2	0	0	0	0	0	0	0	0	0	0	0	0	0	0	0	0	0	0	0	0	0	0	0	0	0	0	0	0	0	0	0	0	0	0	
10/03/2022 09:58:27	0	0	8	14.98	15.03	0	462	3444	2.501	2.5019	0	0	False	-0.715	-0.6133333	-0.52	4.25	0.0226	3.9713	2.523	2.534	-1	-0.034	2.501	0	0	0	0	0	0	0	0	0	0	0	0	0	0	0	17.2	0	0	0	0	0	0	0	0	0	0	0	0	0	0	0	0	0	0	0	0	0	0	0	0	0	0	0	0	0	0	0	0	0	0	
10/03/2022 09:58:37	0	0	8	14.98	15.03	0	538	3454	2.503	2.5035	0	0	False	-0.6283333	-0.4966667	-0.5416667	4.25	0.0226	3.9726	2.523	2.534	-1	-0.034	2.503	0	0	0	0	0	0	0	0	0	0	0	0	0	0	0	17.2	0	0	0	0	0	0	0	0	0	0	0	0	0	0	0	0	0	0	0	0	0	0	0	0	0	0	0	0	0	0	0	0	0	0	
10/03/2022 09:58:48	0	0	8	14.98	15.03	0	508	3464	2.502	2.5031	0	0	False	-0.5583333	-0.455	-0.465	4.25	0.0226	3.9739	2.534	2.534	-1	-0.023	2.502	0	0	0	0	0	0	0	0	0	0	0	0	0	0	0	17.2	0	0	0	0	0	0	0	0	0	0	0	0	0	0	0	0	0	0	0	0	0	0	0	0	0	0	0	0	0	0	0	0	0	0	
10/03/2022 09:58:58	0	0	8	14.98	15.03	0	368	3474	2.501	2.5019	0	0	False	-0.5133333	-0.4316667	-0.355	4.25	0.0226	3.9751	2.523	2.534	-1	-0.023	2.501	0	0	0	0	0	0	0	0	0	0	0	0	0	0	0	17.2	0	0	0	0	0	0	0	0	0	0	0	0	0	0	0	0	0	0	0	0	0	0	0	0	0	0	0	0	0	0	0	0	0	0	
10/03/2022 09:59:08	0	0	8	14.99	15.03	0	446	3484	2.501	2.5019	0	0	False	-0.4633333	-0.3916667	-0.4366667	4.25	0.0226	3.9762	2.523	2.534	-1	-0.023	2.501	0	0	0	0	0	0	0	0	0	0	0	0	0	0	0	17.2	0	0	0	0	0	0	0	0	0	0	0	0	0	0	0	0	0	0	0	0	0	0	0	0	0	0	0	0	0	0	0	0	0	0	
10/03/2022 09:59:18	0	0	8	14.98	15.03	0	360	3494	2.501	2.5018	0	0	False	-0.4216667	-0.355	-0.355	4.25	0.0226	3.9772	2.534	2.534	-1	-0.023	2.501	0	0	0	0	0	0	0	0	0	0	0	0	0	0	0	17.2	0	0	0	0	0	0	0	0	0	0	0	0	0	0	0	0	0	0	0	0	0	0	0	0	0	0	0	0	0	0	0	0	0	0	
10/03/2022 09:59:28	0	1	11	14.99	15.03	0	0	4	2.512	2.5032	0	0	False	-0.3083333	0	-0.015	0	0.0226	3.9777	2.546	2.546	0.1	-0.023	2.512	0	0	0	0	0	0	0	0	0	0	0	0	0	0	0	17.2	0	0	0	0	0	0	0	0	0	0	0	0	0	0	0	0	0	0	0	0	0	0	0	0	0	0	0	0	0	0	0	0	0	0	
10/03/2022 09:59:39	0	1	11	14.99	15.03	0	0	14	2.525	2.5032	0	0	False	-0.1666667	0	-0.01	0	0.0226	3.9777	2.557	2.557	0.1	-0.023	2.525	0	0	0	0	0	0	0	0	0	0	0	0	0	0	0	17.2	0	0	0	0	0	0	0	0	0	0	0	0	0	0	0	0	0	0	0	0	0	0	0	0	0	0	0	0	0	0	0	0	0	0	
10/03/2022 09:59:49	0	1	11	14.99	15.03	0	0	24	2.534	2.5032	0	0	False	-0.095	0	0	0	0.0226	3.9777	2.569	2.569	0.1	-0.023	2.534	0	0	0	0	0	0	0	0	0	0	0	0	0	0	0	17.2	0	0	0	0	0	0	0	0	0	0	0	0	0	0	0	0	0	0	0	0	0	0	0	0	0	0	0	0	0	0	0	0	0	0	
10/03/2022 09:59:59	0	1	11	14.99	15.03	0	0	34	2.542	2.5032	0	0	False	-0.055	0	-0.01	0	0.0226	3.9777	2.569	2.574	0.1	-0.023	2.542	0	0	0	0	0	0	0	0	0	0	0	0	0	0	0	17.2	0	0	0	0	0	0	0	0	0	0	0	0	0	0	0	0	0	0	0	0	0	0	0	0	0	0	0	0	0	0	0	0	0	0	
10/03/2022 10:00:09	0	1	11	14.99	15.03	0	0	44	2.548	2.5032	0	0	False	-0.03666667	0	-0.01	0	0.0226	3.9777	2.58	2.58	0.1	-0.023	2.548	0	0	0	0	0	0	0	0	0	0	0	0	0	0	0	17.2	0	0	0	0	0	0	0	0	0	0	0	0	0	0	0	0	0	0	0	0	0	0	0	0	0	0	0	0	0	0	0	0	0	0	
10/03/2022 10:00:19	0	1	11	14.99	15.03	0	0	54	2.554	2.5032	0	0	False	-0.02	0	-0.01	0	0.0226	3.9777	2.58	2.592	0.1	-0.023	2.554	0	0	0	0	0	0	0	0	0	0	0	0	0	0	0	17.2	0	0	0	0	0	0	0	0	0	0	0	0	0	0	0	0	0	0	0	0	0	0	0	0	0	0	0	0	0	0	0	0	0	0	
10/03/2022 10:00:29	0	1	6	15.02	15.03	0.9	1607	4	2.608	2.6081	0	0	False	0.001666667	0.4483333	4.501667	4.2	0.0002	3.9777	2.638	2.638	6.3	-0.034	2.608	0	0	0	0	0	0	0	0	0	0	0	0	0	0	0	16.1	0	0	0	0	0	0	0	0	0	0	0	0	0	0	0	0	0	0	0	0	0	0	0	0	0	0	0	0	0	0	0	0	0	0	
10/03/2022 10:00:39	0	1	6	15.02	15.03	0.9	1689	14	2.778	2.7782	16.2	0	False	3.691667	4.133333	4.156667	4.2	0.0117	3.9777	2.81	2.81	17.9	-0.034	2.778	0	0	0	0	0	0	0	0	0	0	0	0	0	0	0	16.2	0	0	0	0	0	0	0	0	0	0	0	0	0	0	0	0	0	0	0	0	0	0	0	0	0	0	0	0	0	0	0	0	0	0	
10/03/2022 10:00:49	0	1	6	15.02	15.03	0.9	1747	24	2.879	2.8795	16.4	0	False	3.903333	4.155	4.148334	4.2	0.0232	3.9777	2.913	2.901	23.1	-0.023	2.879	0	0	0	0	0	0	0	0	0	0	0	0	0	0	0	16.4	0	0	0	0	0	0	0	0	0	0	0	0	0	0	0	0	0	0	0	0	0	0	0	0	0	0	0	0	0	0	0	0	0	0	
10/03/2022 10:00:59	0	1	6	15.02	15.03	0.9	1783	34	2.946	2.947	16.1	0	False	4.015	4.175	4.165	4.2	0.0348	3.9777	2.97	2.97	26.5	-0.023	2.946	0	0	0	0	0	0	0	0	0	0	0	0	0	0	0	16.1	0	0	0	0	0	0	0	0	0	0	0	0	0	0	0	0	0	0	0	0	0	0	0	0	0	0	0	0	0	0	0	0	0	0	
10/03/2022 10:01:09	0	1	6	15.02	15.03	0.9	1813	44	3.001	3.002	16.3	0	False	4.08	4.181667	4.253334	4.2	0.0464	3.9777	3.027	3.027	29.3	-0.023	3.001	0	0	0	0	0	0	0	0	0	0	0	0	0	0	0	16.3	0	0	0	0	0	0	0	0	0	0	0	0	0	0	0	0	0	0	0	0	0	0	0	0	0	0	0	0	0	0	0	0	0	0	
10/03/2022 10:01:19	0	1	6	15.02	15.03	0.9	1835	54	3.045	3.0457	16	0	False	4.118333	4.17	4.111667	4.2	0.0579	3.9777	3.073	3.073	31.5	-0.034	3.045	0	0	0	0	0	0	0	0	0	0	0	0	0	0	0	16	0	0	0	0	0	0	0	0	0	0	0	0	0	0	0	0	0	0	0	0	0	0	0	0	0	0	0	0	0	0	0	0	0	0	
10/03/2022 10:01:29	0	1	6	15.02	15.03	1	1857	64	3.081	3.0829	16.1	0	False	4.136667	4.161667	4.173333	4.2	0.0695	3.9777	3.108	3.107	33.3	-0.023	3.081	0	0	0	0	0	0	0	0	0	0	0	0	0	0	0	16.1	0	0	0	0	0	0	0	0	0	0	0	0	0	0	0	0	0	0	0	0	0	0	0	0	0	0	0	0	0	0	0	0	0	0	
10/03/2022 10:01:39	0	1	6	15.02	15.03	1	1877	74	3.115	3.117	16.3	0	False	4.155	4.185	4.223333	4.2	0.0811	3.9777	3.142	3.142	35	-0.023	3.115	0	0	0	0	0	0	0	0	0	0	0	0	0	0	0	16.3	0	0	0	0	0	0	0	0	0	0	0	0	0	0	0	0	0	0	0	0	0	0	0	0	0	0	0	0	0	0	0	0	0	0	
10/03/2022 10:01:49	0	1	6	15.02	15.03	1	1893	84	3.146	3.1478	16.2	0	False	4.168334	4.175	4.205	4.2	0.0927	3.9777	3.177	3.177	36.5	-0.034	3.146	0	0	0	0	0	0	0	0	0	0	0	0	0	0	0	16.2	0	0	0	0	0	0	0	0	0	0	0	0	0	0	0	0	0	0	0	0	0	0	0	0	0	0	0	0	0	0	0	0	0	0	
10/03/2022 10:01:59	0	1	6	15.02	15.03	1	1907	94	3.173	3.1746	16	0	False	4.168334	4.176667	4.173333	4.2	0.1043	3.9777	3.199	3.199	37.8	-0.023	3.173	0	0	0	0	0	0	0	0	0	0	0	0	0	0	0	16	0	0	0	0	0	0	0	0	0	0	0	0	0	0	0	0	0	0	0	0	0	0	0	0	0	0	0	0	0	0	0	0	0	0	
10/03/2022 10:02:09	0	1	6	15.02	15.03	1	1921	104	3.198	3.1995	16.1	0	False	4.185	4.206666	4.096667	4.2	0.1159	3.9777	3.222	3.223	39.1	-0.023	3.198	0	0	0	0	0	0	0	0	0	0	0	0	0	0	0	16.1	0	0	0	0	0	0	0	0	0	0	0	0	0	0	0	0	0	0	0	0	0	0	0	0	0	0	0	0	0	0	0	0	0	0	
10/03/2022 10:02:20	0	1	6	15.02	15.03	1	1935	114	3.22	3.2217	16.2	0	False	4.188334	4.168334	4.205	4.2	0.1275	3.9777	3.245	3.248	40.3	-0.023	3.22	0	0	0	0	0	0	0	0	0	0	0	0	0	0	0	16.2	0	0	0	0	0	0	0	0	0	0	0	0	0	0	0	0	0	0	0	0	0	0	0	0	0	0	0	0	0	0	0	0	0	0	
10/03/2022 10:02:30	0	1	6	15.02	15.03	1	1945	124	3.241	3.2427	16.2	0	False	4.181667	4.19	4.228333	4.2	0.1391	3.9777	3.268	3.268	41.3	-0.023	3.241	0	0	0	0	0	0	0	0	0	0	0	0	0	0	0	16.2	0	0	0	0	0	0	0	0	0	0	0	0	0	0	0	0	0	0	0	0	0	0	0	0	0	0	0	0	0	0	0	0	0	0	
10/03/2022 10:02:40	0	1	6	15.02	15.03	1	1955	134	3.26	3.2617	16.2	0	False	4.191667	4.2	4.178333	4.2	0.1507	3.9777	3.291	3.291	42.3	-0.034	3.26	0	0	0	0	0	0	0	0	0	0	0	0	0	0	0	16.2	0	0	0	0	0	0	0	0	0	0	0	0	0	0	0	0	0	0	0	0	0	0	0	0	0	0	0	0	0	0	0	0	0	0	
10/03/2022 10:02:50	0	1	6	15.03	15.03	1	1965	144	3.279	3.2808	16	0	False	4.191667	4.2	4.25	4.2	0.1624	3.9777	3.303	3.304	43.2	-0.023	3.279	0	0	0	0	0	0	0	0	0	0	0	0	0	0	0	16	0	0	0	0	0	0	0	0	0	0	0	0	0	0	0	0	0	0	0	0	0	0	0	0	0	0	0	0	0	0	0	0	0	0	
10/03/2022 10:03:00	0	1	6	15.02	15.03	1	1975	154	3.296	3.2972	16	0	False	4.198333	4.2	4.2	4.2	0.174	3.9777	3.326	3.326	44.1	-0.034	3.296	0	0	0	0	0	0	0	0	0	0	0	0	0	0	0	16	0	0	0	0	0	0	0	0	0	0	0	0	0	0	0	0	0	0	0	0	0	0	0	0	0	0	0	0	0	0	0	0	0	0	
10/03/2022 10:03:10	0	1	6	15.02	15.03	1	1983	164	3.311	3.3125	15.9	0	False	4.198333	4.178333	4.178333	4.2	0.1857	3.9777	3.337	3.337	44.8	-0.023	3.311	0	0	0	0	0	0	0	0	0	0	0	0	0	0	0	15.9	0	0	0	0	0	0	0	0	0	0	0	0	0	0	0	0	0	0	0	0	0	0	0	0	0	0	0	0	0	0	0	0	0	0	
10/03/2022 10:03:20	0	1	6	15.02	15.03	1	1989	174	3.325	3.327	15.9	0	False	4.191667	4.193333	4.195	4.2	0.1973	3.9777	3.36	3.356	45.6	-0.034	3.325	0	0	0	0	0	0	0	0	0	0	0	0	0	0	0	15.9	0	0	0	0	0	0	0	0	0	0	0	0	0	0	0	0	0	0	0	0	0	0	0	0	0	0	0	0	0	0	0	0	0	0	
10/03/2022 10:03:30	0	1	6	15.02	15.03	1	1997	184	3.339	3.3402	16.1	0	False	4.186666	4.191667	4.2	4.2	0.2089	3.9777	3.371	3.371	46.2	-0.023	3.339	0	0	0	0	0	0	0	0	0	0	0	0	0	0	0	16.1	0	0	0	0	0	0	0	0	0	0	0	0	0	0	0	0	0	0	0	0	0	0	0	0	0	0	0	0	0	0	0	0	0	0	
10/03/2022 10:03:40	0	1	6	15.02	15.03	1.1	2007	194	3.352	3.3527	16.1	0	False	4.185	4.185	4.245	4.2	0.2206	3.9777	3.371	3.383	46.8	-0.023	3.352	0	0	0	0	0	0	0	0	0	0	0	0	0	0	0	16.1	0	0	0	0	0	0	0	0	0	0	0	0	0	0	0	0	0	0	0	0	0	0	0	0	0	0	0	0	0	0	0	0	0	0	
10/03/2022 10:03:50	0	1	6	15.02	15.03	1	2011	204	3.363	3.3643	16.1	0	False	4.191667	4.166667	4.14	4.2	0.2322	3.9777	3.394	3.394	47.5	-0.034	3.363	0	0	0	0	0	0	0	0	0	0	0	0	0	0	0	16.1	0	0	0	0	0	0	0	0	0	0	0	0	0	0	0	0	0	0	0	0	0	0	0	0	0	0	0	0	0	0	0	0	0	0	
10/03/2022 10:04:00	0	1	6	15.02	15.03	1	2015	214	3.374	3.3749	16.1	0	False	4.191667	4.195	4.08	4.2	0.2439	3.9777	3.394	3.406	47.9	-0.034	3.374	0	0	0	0	0	0	0	0	0	0	0	0	0	0	0	16.1	0	0	0	0	0	0	0	0	0	0	0	0	0	0	0	0	0	0	0	0	0	0	0	0	0	0	0	0	0	0	0	0	0	0	
10/03/2022 10:04:10	0	1	6	15.03	15.03	1	2023	224	3.384	3.3849	16.1	0	False	4.188334	4.178333	4.151667	4.2	0.2555	3.9777	3.417	3.417	48.5	-0.034	3.384	0	0	0	0	0	0	0	0	0	0	0	0	0	0	0	16.1	0	0	0	0	0	0	0	0	0	0	0	0	0	0	0	0	0	0	0	0	0	0	0	0	0	0	0	0	0	0	0	0	0	0	
