DateTime	SlaveNum	Cycle	Mode	SupplyVolts	LSupplyVolts	SupplyAmps	PWM	SecTimer	AvgCellVolts	MaxCellVolts	AvgIR	FallBackVolts	CVStarted	SlowAmps	AvgAmps	FastAmps	SetAmps	AhrIN	AhrOUT	PackVolts	AvgPackVolts	Fuel1	SumError	Cell1Volts	Cell2Volts	Cell3Volts	Cell4Volts	Cell5Volts	Cell6Volts	Cell7Volts	Cell8Volts	Cell9Volts	Cell10Volts	Cell11Volts	Cell12Volts	Cell13Volts	Cell14Volts	Cell15Volts	Cell16Volts	Cell1IR	Cell2IR	Cell3IR	Cell4IR	Cell5IR	Cell6IR	Cell7IR	Cell8IR	Cell9IR	Cell10IR	Cell11IR	Cell12IR	Cell13IR	Cell14IR	Cell15IR	Cell16IR	BP1PWM	BP2PWM	BP3PWM	BP4PWM	BP5PWM	BP6PWM	BP7PWM	BP8PWM	BP9PWM	BP10PWM	BP11PWM	BP12PWM	BP13PWM	BP14PWM	BP15PWM	BP16PWM	Debug1	Debug2	Debug3	
10/03/2022 11:07:35	0	0	8	14.99	15.02	0	2700	12	4.183	4.1835	0	0	False	-0.705	-1.148333	-2.596667	10	0	0.0007	4.22	4.22	-1	-0.034	4.183	0	0	0	0	0	0	0	0	0	0	0	0	0	0	0	0	0	0	0	0	0	0	0	0	0	0	0	0	0	0	0	0	0	0	0	0	0	0	0	0	0	0	0	0	0	0	0	0	0	0	
10/03/2022 11:07:38	0	0	8	14.99	15	0	4860	14	4.165	4.166	0	0	False	-2.811667	-3.361667	-5.291667	10	0	0.0029	4.209	4.209	-1	-0.046	4.165	0	0	0	0	0	0	0	0	0	0	0	0	0	0	0	0	0	0	0	0	0	0	0	0	0	0	0	0	0	0	0	0	0	0	0	0	0	0	0	0	0	0	0	0	0	0	0	0	0	0	
10/03/2022 11:07:48	0	0	8	14.99	14.95	0	8155	24	4.092	4.091	0	0	False	-9.493333	-9.948334	-9.996667	10	0	0.0285	4.128	4.128	-1	-0.034	4.092	0	0	0	0	0	0	0	0	0	0	0	0	0	0	0	0	0	0	0	0	0	0	0	0	0	0	0	0	0	0	0	0	0	0	0	0	0	0	0	0	0	0	0	0	0	0	0	0	0	0	
10/03/2022 11:07:58	0	0	8	14.99	14.95	0	8183	34	4.062	4.0622	0	0	False	-9.726666	-9.998333	-9.986667	10	0	0.0563	4.105	4.105	-1	-0.034	4.062	0	0	0	0	0	0	0	0	0	0	0	0	0	0	0	0	0	0	0	0	0	0	0	0	0	0	0	0	0	0	0	0	0	0	0	0	0	0	0	0	0	0	0	0	0	0	0	0	0	0	
10/03/2022 11:08:08	0	0	8	14.99	14.95	0	8183	44	4.043	4.0447	0	0	False	-9.851666	-10.00167	-9.986667	10	0	0.0841	4.082	4.082	-1	-0.034	4.043	0	0	0	0	0	0	0	0	0	0	0	0	0	0	0	0	0	0	0	0	0	0	0	0	0	0	0	0	0	0	0	0	0	0	0	0	0	0	0	0	0	0	0	0	0	0	0	0	0	0	
10/03/2022 11:08:18	0	0	8	14.98	14.95	0	8191	54	4.03	4.0322	0	0	False	-9.916667	-9.998333	-10.00833	10	0	0.1119	4.06	4.071	-1	-0.046	4.03	0	0	0	0	0	0	0	0	0	0	0	0	0	0	0	0	0	0	0	0	0	0	0	0	0	0	0	0	0	0	0	0	0	0	0	0	0	0	0	0	0	0	0	0	0	0	0	0	0	0	
10/03/2022 11:08:28	0	0	8	14.99	14.95	0	8191	64	4.023	4.0235	0	0	False	-9.945	-9.966666	-9.966666	10	0	0.1396	4.06	4.067	-1	-0.034	4.023	0	0	0	0	0	0	0	0	0	0	0	0	0	0	0	0	0	0	0	0	0	0	0	0	0	0	0	0	0	0	0	0	0	0	0	0	0	0	0	0	0	0	0	0	0	0	0	0	0	0	
10/03/2022 11:08:38	0	0	8	14.98	14.95	0	8187	74	4.016	4.0164	0	0	False	-9.961667	-9.971666	-10.01	10	0	0.1673	4.048	4.06	-1	-0.046	4.016	0	0	0	0	0	0	0	0	0	0	0	0	0	0	0	0	0	0	0	0	0	0	0	0	0	0	0	0	0	0	0	0	0	0	0	0	0	0	0	0	0	0	0	0	0	0	0	0	0	0	
10/03/2022 11:08:48	0	0	8	14.98	14.95	0	8191	82	4.012	4.0122	0	0	False	-9.97	-9.976666	-9.955	10	0	0.1895	4.048	4.06	-1	-0.034	4.012	0	0	0	0	0	0	0	0	0	0	0	0	0	0	0	0	0	0	0	0	0	0	0	0	0	0	0	0	0	0	0	0	0	0	0	0	0	0	0	0	0	0	0	0	0	0	0	0	0	0	
10/03/2022 11:08:58	0	0	8	14.99	14.95	0	8191	94	4.006	4.0066	0	0	False	-9.973333	-9.973333	-9.976666	10	0	0.2227	4.048	4.048	-1	-0.034	4.006	0	0	0	0	0	0	0	0	0	0	0	0	0	0	0	0	0	0	0	0	0	0	0	0	0	0	0	0	0	0	0	0	0	0	0	0	0	0	0	0	0	0	0	0	0	0	0	0	0	0	
10/03/2022 11:09:08	0	0	8	14.99	14.95	0	8191	104	4.002	4.0022	0	0	False	-9.97	-9.968333	-9.935	10	0	0.2504	4.037	4.048	-1	-0.034	4.002	0	0	0	0	0	0	0	0	0	0	0	0	0	0	0	0	0	0	0	0	0	0	0	0	0	0	0	0	0	0	0	0	0	0	0	0	0	0	0	0	0	0	0	0	0	0	0	0	0	0	
10/03/2022 11:09:18	0	0	8	14.98	14.95	0	8191	114	3.998	3.9985	0	0	False	-9.965	-9.966666	-9.966666	10	0	0.2781	4.037	4.042	-1	-0.034	3.998	0	0	0	0	0	0	0	0	0	0	0	0	0	0	0	0	0	0	0	0	0	0	0	0	0	0	0	0	0	0	0	0	0	0	0	0	0	0	0	0	0	0	0	0	0	0	0	0	0	0	
10/03/2022 11:09:28	0	0	8	14.99	14.95	0	8191	124	3.994	3.9951	0	0	False	-9.966666	-9.966666	-9.923333	10	0	0.3057	4.025	4.037	-1	-0.034	3.994	0	0	0	0	0	0	0	0	0	0	0	0	0	0	0	0	0	0	0	0	0	0	0	0	0	0	0	0	0	0	0	0	0	0	0	0	0	0	0	0	0	0	0	0	0	0	0	0	0	0	
10/03/2022 11:09:38	0	0	8	14.98	14.95	0	8191	134	3.991	3.9916	0	0	False	-9.965	-9.961667	-9.935	10	0	0.3334	4.025	4.037	-1	-0.034	3.991	0	0	0	0	0	0	0	0	0	0	0	0	0	0	0	0	0	0	0	0	0	0	0	0	0	0	0	0	0	0	0	0	0	0	0	0	0	0	0	0	0	0	0	0	0	0	0	0	0	0	
10/03/2022 11:09:48	0	0	8	14.99	14.95	0	8191	144	3.988	3.9885	0	0	False	-9.966666	-9.965	-9.966666	10	0	0.3611	4.025	4.029	-1	-0.034	3.988	0	0	0	0	0	0	0	0	0	0	0	0	0	0	0	0	0	0	0	0	0	0	0	0	0	0	0	0	0	0	0	0	0	0	0	0	0	0	0	0	0	0	0	0	0	0	0	0	0	0	
10/03/2022 11:09:58	0	0	8	14.99	14.95	0	8191	154	3.984	3.9849	0	0	False	-9.96	-9.966666	-9.966666	10	0	0.3888	4.014	4.025	-1	-0.034	3.984	0	0	0	0	0	0	0	0	0	0	0	0	0	0	0	0	0	0	0	0	0	0	0	0	0	0	0	0	0	0	0	0	0	0	0	0	0	0	0	0	0	0	0	0	0	0	0	0	0	0	
10/03/2022 11:10:09	0	0	8	14.98	14.95	0	8191	164	3.981	3.9818	0	0	False	-9.963333	-9.966666	-9.976666	10	0	0.4165	4.014	4.024	-1	-0.034	3.981	0	0	0	0	0	0	0	0	0	0	0	0	0	0	0	0	0	0	0	0	0	0	0	0	0	0	0	0	0	0	0	0	0	0	0	0	0	0	0	0	0	0	0	0	0	0	0	0	0	0	
10/03/2022 11:10:19	0	0	8	14.99	14.95	0	8191	174	3.978	3.9783	0	0	False	-9.965	-9.961667	-9.923333	10	0	0.4442	4.014	4.024	-1	-0.034	3.978	0	0	0	0	0	0	0	0	0	0	0	0	0	0	0	0	0	0	0	0	0	0	0	0	0	0	0	0	0	0	0	0	0	0	0	0	0	0	0	0	0	0	0	0	0	0	0	0	0	0	
10/03/2022 11:10:29	0	0	8	14.99	14.95	0	8191	184	3.974	3.9748	0	0	False	-9.965	-9.966666	-9.966666	10	0	0.4719	4.014	4.014	-1	-0.034	3.974	0	0	0	0	0	0	0	0	0	0	0	0	0	0	0	0	0	0	0	0	0	0	0	0	0	0	0	0	0	0	0	0	0	0	0	0	0	0	0	0	0	0	0	0	0	0	0	0	0	0	
10/03/2022 11:10:39	0	0	8	14.99	14.95	0	8191	194	3.971	3.9718	0	0	False	-9.965	-9.966666	-9.966666	10	0	0.4996	4.002	4.014	-1	-0.046	3.971	0	0	0	0	0	0	0	0	0	0	0	0	0	0	0	0	0	0	0	0	0	0	0	0	0	0	0	0	0	0	0	0	0	0	0	0	0	0	0	0	0	0	0	0	0	0	0	0	0	0	
10/03/2022 11:10:49	0	0	8	14.98	14.95	0	8191	204	3.968	3.9684	0	0	False	-9.968333	-9.965	-9.978333	10	0	0.5273	4.002	4.011	-1	-0.023	3.968	0	0	0	0	0	0	0	0	0	0	0	0	0	0	0	0	0	0	0	0	0	0	0	0	0	0	0	0	0	0	0	0	0	0	0	0	0	0	0	0	0	0	0	0	0	0	0	0	0	0	
10/03/2022 11:10:59	0	0	8	14.99	14.95	0	8191	214	3.964	3.9645	0	0	False	-9.966666	-9.966666	-9.976666	10	0	0.555	4.002	4.002	-1	-0.046	3.964	0	0	0	0	0	0	0	0	0	0	0	0	0	0	0	0	0	0	0	0	0	0	0	0	0	0	0	0	0	0	0	0	0	0	0	0	0	0	0	0	0	0	0	0	0	0	0	0	0	0	
10/03/2022 11:11:09	0	0	8	14.99	14.95	0	8191	224	3.959	3.9602	0	0	False	-9.965	-9.966666	-9.965	10	0	0.5826	3.991	4.002	-1	-0.034	3.959	0	0	0	0	0	0	0	0	0	0	0	0	0	0	0	0	0	0	0	0	0	0	0	0	0	0	0	0	0	0	0	0	0	0	0	0	0	0	0	0	0	0	0	0	0	0	0	0	0	0	
10/03/2022 11:11:19	0	0	8	14.98	14.95	0	8191	234	3.955	3.956	0	0	False	-9.963333	-9.965	-9.978333	10	0	0.6103	3.991	3.999	-1	-0.034	3.955	0	0	0	0	0	0	0	0	0	0	0	0	0	0	0	0	0	0	0	0	0	0	0	0	0	0	0	0	0	0	0	0	0	0	0	0	0	0	0	0	0	0	0	0	0	0	0	0	0	0	
10/03/2022 11:11:29	0	0	8	14.99	14.95	0	8191	244	3.95	3.951	0	0	False	-9.958333	-9.956667	-9.966666	10	0	0.6379	3.991	3.991	-1	-0.034	3.95	0	0	0	0	0	0	0	0	0	0	0	0	0	0	0	0	0	0	0	0	0	0	0	0	0	0	0	0	0	0	0	0	0	0	0	0	0	0	0	0	0	0	0	0	0	0	0	0	0	0	
10/03/2022 11:11:39	0	0	8	14.98	14.95	0	8191	254	3.945	3.946	0	0	False	-9.963333	-9.963333	-9.955	10	0	0.6656	3.979	3.991	-1	-0.034	3.945	0	0	0	0	0	0	0	0	0	0	0	0	0	0	0	0	0	0	0	0	0	0	0	0	0	0	0	0	0	0	0	0	0	0	0	0	0	0	0	0	0	0	0	0	0	0	0	0	0	0	
10/03/2022 11:11:49	0	0	8	14.99	14.95	0	8191	264	3.938	3.9389	0	0	False	-9.965	-9.961667	-9.935	10	0	0.6932	3.968	3.979	-1	-0.034	3.938	0	0	0	0	0	0	0	0	0	0	0	0	0	0	0	0	0	0	0	0	0	0	0	0	0	0	0	0	0	0	0	0	0	0	0	0	0	0	0	0	0	0	0	0	0	0	0	0	0	0	
10/03/2022 11:11:59	0	0	8	14.99	14.95	0	8191	274	3.932	3.9329	0	0	False	-9.965	-9.968333	-9.933333	10	0	0.7209	3.968	3.976	-1	-0.034	3.932	0	0	0	0	0	0	0	0	0	0	0	0	0	0	0	0	0	0	0	0	0	0	0	0	0	0	0	0	0	0	0	0	0	0	0	0	0	0	0	0	0	0	0	0	0	0	0	0	0	0	
10/03/2022 11:12:09	0	0	8	14.99	14.95	0	8191	284	3.925	3.926	0	0	False	-9.963333	-9.963333	-9.923333	10	0	0.7486	3.956	3.968	-1	-0.034	3.925	0	0	0	0	0	0	0	0	0	0	0	0	0	0	0	0	0	0	0	0	0	0	0	0	0	0	0	0	0	0	0	0	0	0	0	0	0	0	0	0	0	0	0	0	0	0	0	0	0	0	
10/03/2022 11:12:19	0	0	8	14.99	14.95	0	8191	294	3.918	3.9188	0	0	False	-9.961667	-9.966666	-9.966666	10	0	0.7762	3.956	3.956	-1	-0.023	3.918	0	0	0	0	0	0	0	0	0	0	0	0	0	0	0	0	0	0	0	0	0	0	0	0	0	0	0	0	0	0	0	0	0	0	0	0	0	0	0	0	0	0	0	0	0	0	0	0	0	0	
10/03/2022 11:12:29	0	0	8	14.98	14.95	0	8191	304	3.91	3.911	0	0	False	-9.963333	-9.965	-9.976666	10	0	0.8039	3.945	3.952	-1	-0.034	3.91	0	0	0	0	0	0	0	0	0	0	0	0	0	0	0	0	0	0	0	0	0	0	0	0	0	0	0	0	0	0	0	0	0	0	0	0	0	0	0	0	0	0	0	0	0	0	0	0	0	0	
10/03/2022 11:12:39	0	0	8	14.99	14.95	0	8191	314	3.903	3.9034	0	0	False	-9.961667	-9.963333	-9.901667	10	0	0.8316	3.933	3.945	-1	-0.034	3.903	0	0	0	0	0	0	0	0	0	0	0	0	0	0	0	0	0	0	0	0	0	0	0	0	0	0	0	0	0	0	0	0	0	0	0	0	0	0	0	0	0	0	0	0	0	0	0	0	0	0	
10/03/2022 11:12:49	0	0	8	14.98	14.95	0	8191	324	3.895	3.8955	0	0	False	-9.961667	-9.955	-9.966666	10	0	0.8592	3.922	3.933	-1	-0.034	3.895	0	0	0	0	0	0	0	0	0	0	0	0	0	0	0	0	0	0	0	0	0	0	0	0	0	0	0	0	0	0	0	0	0	0	0	0	0	0	0	0	0	0	0	0	0	0	0	0	0	0	
10/03/2022 11:13:00	0	0	8	14.99	14.95	0	8191	334	3.887	3.8872	0	0	False	-9.961667	-9.956667	-9.955	10	0	0.8869	3.922	3.924	-1	-0.034	3.887	0	0	0	0	0	0	0	0	0	0	0	0	0	0	0	0	0	0	0	0	0	0	0	0	0	0	0	0	0	0	0	0	0	0	0	0	0	0	0	0	0	0	0	0	0	0	0	0	0	0	
10/03/2022 11:13:10	0	0	8	14.99	14.95	0	8191	344	3.878	3.8788	0	0	False	-9.96	-9.955	-9.966666	10	0	0.9145	3.91	3.921	-1	-0.034	3.878	0	0	0	0	0	0	0	0	0	0	0	0	0	0	0	0	0	0	0	0	0	0	0	0	0	0	0	0	0	0	0	0	0	0	0	0	0	0	0	0	0	0	0	0	0	0	0	0	0	0	
10/03/2022 11:13:20	0	0	8	14.99	14.95	0	8191	354	3.87	3.8708	0	0	False	-9.96	-9.968333	-9.976666	10	0	0.9422	3.91	3.91	-1	-0.034	3.87	0	0	0	0	0	0	0	0	0	0	0	0	0	0	0	0	0	0	0	0	0	0	0	0	0	0	0	0	0	0	0	0	0	0	0	0	0	0	0	0	0	0	0	0	0	0	0	0	0	0	
10/03/2022 11:13:30	0	0	8	14.99	14.95	0	8191	364	3.862	3.8629	0	0	False	-9.961667	-9.958333	-9.935	10	0	0.9698	3.899	3.9	-1	-0.046	3.862	0	0	0	0	0	0	0	0	0	0	0	0	0	0	0	0	0	0	0	0	0	0	0	0	0	0	0	0	0	0	0	0	0	0	0	0	0	0	0	0	0	0	0	0	0	0	0	0	0	0	
10/03/2022 11:13:40	0	0	8	14.98	14.95	0	8191	374	3.855	3.8552	0	0	False	-9.963333	-9.968333	-9.945	10	0	0.9975	3.888	3.898	-1	-0.034	3.855	0	0	0	0	0	0	0	0	0	0	0	0	0	0	0	0	0	0	0	0	0	0	0	0	0	0	0	0	0	0	0	0	0	0	0	0	0	0	0	0	0	0	0	0	0	0	0	0	0	0	
10/03/2022 11:13:50	0	0	8	14.98	14.95	0	8191	384	3.848	3.8482	0	0	False	-9.961667	-9.96	-9.966666	10	0	1.0251	3.876	3.888	-1	-0.034	3.848	0	0	0	0	0	0	0	0	0	0	0	0	0	0	0	0	0	0	0	0	0	0	0	0	0	0	0	0	0	0	0	0	0	0	0	0	0	0	0	0	0	0	0	0	0	0	0	0	0	0	
10/03/2022 11:14:00	0	0	8	14.99	14.95	0	8191	394	3.84	3.8409	0	0	False	-9.961667	-9.956667	-9.911667	10	0	1.0528	3.876	3.876	-1	-0.023	3.84	0	0	0	0	0	0	0	0	0	0	0	0	0	0	0	0	0	0	0	0	0	0	0	0	0	0	0	0	0	0	0	0	0	0	0	0	0	0	0	0	0	0	0	0	0	0	0	0	0	0	
10/03/2022 11:14:10	0	0	8	14.98	14.95	0	8191	404	3.834	3.8344	0	0	False	-9.956667	-9.953333	-9.955	10	0	1.0805	3.865	3.876	-1	-0.034	3.834	0	0	0	0	0	0	0	0	0	0	0	0	0	0	0	0	0	0	0	0	0	0	0	0	0	0	0	0	0	0	0	0	0	0	0	0	0	0	0	0	0	0	0	0	0	0	0	0	0	0	
10/03/2022 11:14:20	0	0	8	14.98	14.95	0	8191	414	3.827	3.8276	0	0	False	-9.956667	-9.953333	-9.966666	10	0	1.1081	3.853	3.865	-1	-0.034	3.827	0	0	0	0	0	0	0	0	0	0	0	0	0	0	0	0	0	0	0	0	0	0	0	0	0	0	0	0	0	0	0	0	0	0	0	0	0	0	0	0	0	0	0	0	0	0	0	0	0	0	
10/03/2022 11:14:30	0	0	8	14.98	14.95	0	8191	424	3.82	3.8209	0	0	False	-9.955	-9.955	-9.955	10	0	1.1358	3.853	3.862	-1	-0.034	3.82	0	0	0	0	0	0	0	0	0	0	0	0	0	0	0	0	0	0	0	0	0	0	0	0	0	0	0	0	0	0	0	0	0	0	0	0	0	0	0	0	0	0	0	0	0	0	0	0	0	0	
10/03/2022 11:14:40	0	0	8	14.99	14.95	0	8191	434	3.815	3.8156	0	0	False	-9.96	-9.956667	-9.955	10	0	1.1635	3.842	3.853	-1	-0.046	3.815	0	0	0	0	0	0	0	0	0	0	0	0	0	0	0	0	0	0	0	0	0	0	0	0	0	0	0	0	0	0	0	0	0	0	0	0	0	0	0	0	0	0	0	0	0	0	0	0	0	0	
10/03/2022 11:14:50	0	0	8	14.99	14.95	0	8191	444	3.808	3.8084	0	0	False	-9.958333	-9.965	-9.935	10	0	1.1911	3.842	3.849	-1	-0.023	3.808	0	0	0	0	0	0	0	0	0	0	0	0	0	0	0	0	0	0	0	0	0	0	0	0	0	0	0	0	0	0	0	0	0	0	0	0	0	0	0	0	0	0	0	0	0	0	0	0	0	0	
10/03/2022 11:15:00	0	0	8	14.99	14.95	0	8191	454	3.802	3.803	0	0	False	-9.961667	-9.961667	-9.955	10	0	1.2187	3.83	3.842	-1	-0.034	3.802	0	0	0	0	0	0	0	0	0	0	0	0	0	0	0	0	0	0	0	0	0	0	0	0	0	0	0	0	0	0	0	0	0	0	0	0	0	0	0	0	0	0	0	0	0	0	0	0	0	0	
10/03/2022 11:15:10	0	0	8	14.99	14.95	0	8191	464	3.796	3.7971	0	0	False	-9.955	-9.956667	-9.966666	10	0	1.2464	3.819	3.834	-1	-0.034	3.796	0	0	0	0	0	0	0	0	0	0	0	0	0	0	0	0	0	0	0	0	0	0	0	0	0	0	0	0	0	0	0	0	0	0	0	0	0	0	0	0	0	0	0	0	0	0	0	0	0	0	
10/03/2022 11:15:20	0	0	8	14.98	14.95	0	8191	474	3.791	3.7916	0	0	False	-9.961667	-9.958333	-9.955	10	0	1.274	3.819	3.83	-1	-0.034	3.791	0	0	0	0	0	0	0	0	0	0	0	0	0	0	0	0	0	0	0	0	0	0	0	0	0	0	0	0	0	0	0	0	0	0	0	0	0	0	0	0	0	0	0	0	0	0	0	0	0	0	
10/03/2022 11:15:30	0	0	8	14.99	14.95	0	8191	484	3.785	3.7859	0	0	False	-9.955	-9.955	-9.966666	10	0	1.3017	3.819	3.828	-1	-0.034	3.785	0	0	0	0	0	0	0	0	0	0	0	0	0	0	0	0	0	0	0	0	0	0	0	0	0	0	0	0	0	0	0	0	0	0	0	0	0	0	0	0	0	0	0	0	0	0	0	0	0	0	
10/03/2022 11:15:41	0	0	8	14.99	14.95	0	8191	494	3.78	3.7803	0	0	False	-9.955	-9.96	-9.978333	10	0	1.3294	3.807	3.819	-1	-0.034	3.78	0	0	0	0	0	0	0	0	0	0	0	0	0	0	0	0	0	0	0	0	0	0	0	0	0	0	0	0	0	0	0	0	0	0	0	0	0	0	0	0	0	0	0	0	0	0	0	0	0	0	
10/03/2022 11:15:51	0	0	8	14.99	14.95	0	8191	504	3.774	3.7747	0	0	False	-9.965	-9.961667	-9.955	10	0	1.357	3.807	3.811	-1	-0.034	3.774	0	0	0	0	0	0	0	0	0	0	0	0	0	0	0	0	0	0	0	0	0	0	0	0	0	0	0	0	0	0	0	0	0	0	0	0	0	0	0	0	0	0	0	0	0	0	0	0	0	0	
10/03/2022 11:16:01	0	0	8	14.99	14.95	0	8191	514	3.768	3.7685	0	0	False	-9.96	-9.958333	-9.911667	10	0	1.3847	3.796	3.807	-1	-0.034	3.768	0	0	0	0	0	0	0	0	0	0	0	0	0	0	0	0	0	0	0	0	0	0	0	0	0	0	0	0	0	0	0	0	0	0	0	0	0	0	0	0	0	0	0	0	0	0	0	0	0	0	
10/03/2022 11:16:11	0	0	8	14.98	14.95	0	8191	524	3.762	3.7629	0	0	False	-9.961667	-9.968333	-9.923333	10	0	1.4123	3.796	3.801	-1	-0.034	3.762	0	0	0	0	0	0	0	0	0	0	0	0	0	0	0	0	0	0	0	0	0	0	0	0	0	0	0	0	0	0	0	0	0	0	0	0	0	0	0	0	0	0	0	0	0	0	0	0	0	0	
10/03/2022 11:16:21	0	0	8	14.98	14.95	0	8191	534	3.756	3.7572	0	0	False	-9.958333	-9.953333	-9.935	10	0	1.4399	3.784	3.796	-1	-0.034	3.756	0	0	0	0	0	0	0	0	0	0	0	0	0	0	0	0	0	0	0	0	0	0	0	0	0	0	0	0	0	0	0	0	0	0	0	0	0	0	0	0	0	0	0	0	0	0	0	0	0	0	
10/03/2022 11:16:31	0	0	8	14.98	14.95	0	8191	544	3.75	3.7509	0	0	False	-9.961667	-9.961667	-9.966666	10	0	1.4676	3.784	3.784	-1	-0.023	3.75	0	0	0	0	0	0	0	0	0	0	0	0	0	0	0	0	0	0	0	0	0	0	0	0	0	0	0	0	0	0	0	0	0	0	0	0	0	0	0	0	0	0	0	0	0	0	0	0	0	0	
10/03/2022 11:16:41	0	0	8	14.98	14.95	0	8191	554	3.744	3.7446	0	0	False	-9.958333	-9.963333	-9.966666	10	0	1.4952	3.773	3.784	-1	-0.034	3.744	0	0	0	0	0	0	0	0	0	0	0	0	0	0	0	0	0	0	0	0	0	0	0	0	0	0	0	0	0	0	0	0	0	0	0	0	0	0	0	0	0	0	0	0	0	0	0	0	0	0	
10/03/2022 11:16:51	0	0	8	14.98	14.95	0	8191	564	3.737	3.7378	0	0	False	-9.963333	-9.966666	-9.978333	10	0	1.5229	3.761	3.773	-1	-0.023	3.737	0	0	0	0	0	0	0	0	0	0	0	0	0	0	0	0	0	0	0	0	0	0	0	0	0	0	0	0	0	0	0	0	0	0	0	0	0	0	0	0	0	0	0	0	0	0	0	0	0	0	
10/03/2022 11:17:01	0	0	8	14.99	14.95	0	8191	574	3.73	3.7309	0	0	False	-9.963333	-9.963333	-9.966666	10	0	1.5506	3.761	3.771	-1	-0.034	3.73	0	0	0	0	0	0	0	0	0	0	0	0	0	0	0	0	0	0	0	0	0	0	0	0	0	0	0	0	0	0	0	0	0	0	0	0	0	0	0	0	0	0	0	0	0	0	0	0	0	0	
10/03/2022 11:17:11	0	0	8	14.99	14.95	0	8191	584	3.724	3.7245	0	0	False	-9.956667	-9.958333	-9.966666	10	0	1.5782	3.75	3.761	-1	-0.034	3.724	0	0	0	0	0	0	0	0	0	0	0	0	0	0	0	0	0	0	0	0	0	0	0	0	0	0	0	0	0	0	0	0	0	0	0	0	0	0	0	0	0	0	0	0	0	0	0	0	0	0	
10/03/2022 11:17:21	0	0	8	14.99	14.95	0	8191	594	3.717	3.7177	0	0	False	-9.958333	-9.961667	-9.978333	10	0	1.6059	3.75	3.75	-1	-0.034	3.717	0	0	0	0	0	0	0	0	0	0	0	0	0	0	0	0	0	0	0	0	0	0	0	0	0	0	0	0	0	0	0	0	0	0	0	0	0	0	0	0	0	0	0	0	0	0	0	0	0	0	
10/03/2022 11:17:31	0	0	8	14.98	14.95	0	8191	602	3.711	3.7122	0	0	False	-9.955	-9.955	-9.955	10	0	1.628	3.738	3.75	-1	-0.034	3.711	0	0	0	0	0	0	0	0	0	0	0	0	0	0	0	0	0	0	0	0	0	0	0	0	0	0	0	0	0	0	0	0	0	0	0	0	0	0	0	0	0	0	0	0	0	0	0	0	0	0	
10/03/2022 11:17:41	0	0	8	14.99	14.95	0	8191	614	3.703	3.7037	0	0	False	-9.958333	-9.953333	-9.923333	10	0	1.6611	3.727	3.738	-1	-0.034	3.703	0	0	0	0	0	0	0	0	0	0	0	0	0	0	0	0	0	0	0	0	0	0	0	0	0	0	0	0	0	0	0	0	0	0	0	0	0	0	0	0	0	0	0	0	0	0	0	0	0	0	
10/03/2022 11:17:51	0	0	8	14.99	14.97	0	6907	624	3.7	3.7009	0	0	False	-9.253333	-8.73	-8.443334	10	0	1.6869	3.727	3.738	-1	-0.034	3.7	0	0	0	0	0	0	0	0	0	0	0	0	0	0	0	0	0	0	0	0	0	0	0	0	0	0	0	0	0	0	0	0	0	0	0	0	0	0	0	0	0	0	0	0	0	0	0	0	0	0	
10/03/2022 11:18:01	0	0	8	14.99	14.98	0	6489	634	3.7	3.7009	0	0	False	-7.975	-7.921667	-7.848333	10	0	1.7095	3.738	3.738	-1	-0.034	3.7	0	0	0	0	0	0	0	0	0	0	0	0	0	0	0	0	0	0	0	0	0	0	0	0	0	0	0	0	0	0	0	0	0	0	0	0	0	0	0	0	0	0	0	0	0	0	0	0	0	0	
10/03/2022 11:18:11	0	0	8	14.99	14.98	0	5839	644	3.701	3.7012	0	0	False	-7.316667	-7.125	-7.016667	10	0	1.7301	3.738	3.738	-1	-0.034	3.701	0	0	0	0	0	0	0	0	0	0	0	0	0	0	0	0	0	0	0	0	0	0	0	0	0	0	0	0	0	0	0	0	0	0	0	0	0	0	0	0	0	0	0	0	0	0	0	0	0	0	
10/03/2022 11:18:22	0	0	8	14.99	14.99	0	5537	654	3.7	3.7009	0	0	False	-6.678333	-6.646667	-6.67	10	0	1.7491	3.738	3.738	-1	-0.034	3.7	0	0	0	0	0	0	0	0	0	0	0	0	0	0	0	0	0	0	0	0	0	0	0	0	0	0	0	0	0	0	0	0	0	0	0	0	0	0	0	0	0	0	0	0	0	0	0	0	0	0	
10/03/2022 11:18:32	0	0	8	14.99	14.99	0	5119	664	3.7	3.7009	0	0	False	-6.533333	-6.153333	-6.13	10	0	1.7666	3.727	3.738	-1	-0.034	3.7	0	0	0	0	0	0	0	0	0	0	0	0	0	0	0	0	0	0	0	0	0	0	0	0	0	0	0	0	0	0	0	0	0	0	0	0	0	0	0	0	0	0	0	0	0	0	0	0	0	0	
10/03/2022 11:18:42	0	0	8	14.99	14.99	0	4647	674	3.701	3.7015	0	0	False	-5.888333	-5.631667	-5.568333	10	0	1.7826	3.738	3.738	-1	-0.023	3.701	0	0	0	0	0	0	0	0	0	0	0	0	0	0	0	0	0	0	0	0	0	0	0	0	0	0	0	0	0	0	0	0	0	0	0	0	0	0	0	0	0	0	0	0	0	0	0	0	0	0	
10/03/2022 11:18:52	0	0	8	14.99	14.99	0	4287	684	3.7	3.7009	0	0	False	-5.68	-5.211667	-5.103333	10	0	1.7976	3.738	3.738	-1	-0.023	3.7	0	0	0	0	0	0	0	0	0	0	0	0	0	0	0	0	0	0	0	0	0	0	0	0	0	0	0	0	0	0	0	0	0	0	0	0	0	0	0	0	0	0	0	0	0	0	0	0	0	0	
10/03/2022 11:19:02	0	0	8	14.99	15	0	3985	694	3.7	3.7009	0	0	False	-4.985	-4.838333	-4.8	10	0	1.8114	3.738	3.738	-1	-0.034	3.7	0	0	0	0	0	0	0	0	0	0	0	0	0	0	0	0	0	0	0	0	0	0	0	0	0	0	0	0	0	0	0	0	0	0	0	0	0	0	0	0	0	0	0	0	0	0	0	0	0	0	
10/03/2022 11:19:12	0	0	8	14.99	15	0	3741	704	3.7	3.7009	0	0	False	-4.838333	-4.578333	-4.551667	10	0	1.8243	3.738	3.738	-1	-0.023	3.7	0	0	0	0	0	0	0	0	0	0	0	0	0	0	0	0	0	0	0	0	0	0	0	0	0	0	0	0	0	0	0	0	0	0	0	0	0	0	0	0	0	0	0	0	0	0	0	0	0	0	
10/03/2022 11:19:22	0	0	8	14.99	15	0	3497	714	3.7	3.7011	0	0	False	-4.131667	-4.123333	-4.108333	10	0	1.8361	3.738	3.738	-1	-0.034	3.7	0	0	0	0	0	0	0	0	0	0	0	0	0	0	0	0	0	0	0	0	0	0	0	0	0	0	0	0	0	0	0	0	0	0	0	0	0	0	0	0	0	0	0	0	0	0	0	0	0	0	
10/03/2022 11:19:32	0	0	8	14.98	15	0	3311	724	3.7	3.701	0	0	False	-4.076667	-3.896667	-3.915	10	0	1.8471	3.738	3.738	-1	-0.034	3.7	0	0	0	0	0	0	0	0	0	0	0	0	0	0	0	0	0	0	0	0	0	0	0	0	0	0	0	0	0	0	0	0	0	0	0	0	0	0	0	0	0	0	0	0	0	0	0	0	0	0	
10/03/2022 11:19:42	0	0	8	14.99	15	0	2951	734	3.7	3.701	0	0	False	-3.941667	-3.641667	-3.503333	10	0	1.8576	3.738	3.738	-1	-0.034	3.7	0	0	0	0	0	0	0	0	0	0	0	0	0	0	0	0	0	0	0	0	0	0	0	0	0	0	0	0	0	0	0	0	0	0	0	0	0	0	0	0	0	0	0	0	0	0	0	0	0	0	
10/03/2022 11:19:52	0	0	8	14.98	15.01	0	2823	744	3.7	3.7009	0	0	False	-3.735	-3.381667	-3.32	10	0	1.8672	3.738	3.738	-1	-0.034	3.7	0	0	0	0	0	0	0	0	0	0	0	0	0	0	0	0	0	0	0	0	0	0	0	0	0	0	0	0	0	0	0	0	0	0	0	0	0	0	0	0	0	0	0	0	0	0	0	0	0	0	
10/03/2022 11:20:02	0	0	8	14.99	15.01	0	2641	754	3.7	3.7009	0	0	False	-3.511667	-3.163333	-3.136667	10	0	1.8762	3.738	3.738	-1	-0.023	3.7	0	0	0	0	0	0	0	0	0	0	0	0	0	0	0	0	0	0	0	0	0	0	0	0	0	0	0	0	0	0	0	0	0	0	0	0	0	0	0	0	0	0	0	0	0	0	0	0	0	0	
10/03/2022 11:20:12	0	0	8	14.99	15.01	0	2397	764	3.7	3.7009	0	0	False	-3.313333	-3.046667	-2.946667	10	0	1.8848	3.738	3.738	-1	-0.023	3.7	0	0	0	0	0	0	0	0	0	0	0	0	0	0	0	0	0	0	0	0	0	0	0	0	0	0	0	0	0	0	0	0	0	0	0	0	0	0	0	0	0	0	0	0	0	0	0	0	0	0	
10/03/2022 11:20:22	0	0	8	14.99	15.01	0	2269	774	3.7	3.7009	0	0	False	-3.15	-2.836667	-2.75	10	0	1.8929	3.727	3.738	-1	-0.034	3.7	0	0	0	0	0	0	0	0	0	0	0	0	0	0	0	0	0	0	0	0	0	0	0	0	0	0	0	0	0	0	0	0	0	0	0	0	0	0	0	0	0	0	0	0	0	0	0	0	0	0	
10/03/2022 11:20:32	0	0	8	14.98	15.01	0	2119	783	3.7	3.7009	0	0	False	-2.998333	-2.713333	-2.601667	10	0	1.8998	3.738	3.738	-1	-0.034	3.7	0	0	0	0	0	0	0	0	0	0	0	0	0	0	0	0	0	0	0	0	0	0	0	0	0	0	0	0	0	0	0	0	0	0	0	0	0	0	0	0	0	0	0	0	0	0	0	0	0	0	
10/03/2022 11:20:43	0	0	8	14.99	15.01	0	2013	794	3.7	3.7009	0	0	False	-2.798333	-2.55	-2.463333	10	0	1.9076	3.727	3.738	-1	-0.034	3.7	0	0	0	0	0	0	0	0	0	0	0	0	0	0	0	0	0	0	0	0	0	0	0	0	0	0	0	0	0	0	0	0	0	0	0	0	0	0	0	0	0	0	0	0	0	0	0	0	0	0	
10/03/2022 11:20:53	0	0	8	14.98	15.01	0	1943	804	3.7	3.7009	0	0	False	-2.618333	-2.325	-2.328333	10	0	1.9143	3.727	3.738	-1	-0.023	3.7	0	0	0	0	0	0	0	0	0	0	0	0	0	0	0	0	0	0	0	0	0	0	0	0	0	0	0	0	0	0	0	0	0	0	0	0	0	0	0	0	0	0	0	0	0	0	0	0	0	0	
10/03/2022 11:21:03	0	0	8	14.99	15.02	0	1819	814	3.7	3.7011	0	0	False	-2.478333	-2.175	-2.158333	10	0	1.9206	3.738	3.738	-1	-0.034	3.7	0	0	0	0	0	0	0	0	0	0	0	0	0	0	0	0	0	0	0	0	0	0	0	0	0	0	0	0	0	0	0	0	0	0	0	0	0	0	0	0	0	0	0	0	0	0	0	0	0	0	
10/03/2022 11:21:13	0	0	8	14.98	15.02	0	1633	824	3.7	3.7011	0	0	False	-2.326667	-2.04	-1.961667	10	0	1.9266	3.738	3.738	-1	-0.034	3.7	0	0	0	0	0	0	0	0	0	0	0	0	0	0	0	0	0	0	0	0	0	0	0	0	0	0	0	0	0	0	0	0	0	0	0	0	0	0	0	0	0	0	0	0	0	0	0	0	0	0	
10/03/2022 11:21:23	0	0	8	14.99	15.02	0	1679	834	3.701	3.7015	0	0	False	-2.17	-1.951667	-1.948333	10	0	1.932	3.738	3.738	-1	-0.034	3.701	0	0	0	0	0	0	0	0	0	0	0	0	0	0	0	0	0	0	0	0	0	0	0	0	0	0	0	0	0	0	0	0	0	0	0	0	0	0	0	0	0	0	0	0	0	0	0	0	0	0	
10/03/2022 11:21:33	0	0	8	14.99	15.02	0	1667	844	3.7	3.7011	0	0	False	-2.055	-1.901667	-1.94	10	0	1.9373	3.727	3.738	-1	-0.034	3.7	0	0	0	0	0	0	0	0	0	0	0	0	0	0	0	0	0	0	0	0	0	0	0	0	0	0	0	0	0	0	0	0	0	0	0	0	0	0	0	0	0	0	0	0	0	0	0	0	0	0	
10/03/2022 11:21:43	0	0	8	14.99	15.02	0	1365	854	3.7	3.7009	0	0	False	-1.948333	-1.741667	-1.566667	10	0	1.9423	3.738	3.738	-1	-0.023	3.7	0	0	0	0	0	0	0	0	0	0	0	0	0	0	0	0	0	0	0	0	0	0	0	0	0	0	0	0	0	0	0	0	0	0	0	0	0	0	0	0	0	0	0	0	0	0	0	0	0	0	
10/03/2022 11:21:53	0	0	8	14.99	15.02	0	1353	864	3.7	3.7009	0	0	False	-1.823333	-1.6	-1.56	10	0	1.9469	3.738	3.738	-1	-0.046	3.7	0	0	0	0	0	0	0	0	0	0	0	0	0	0	0	0	0	0	0	0	0	0	0	0	0	0	0	0	0	0	0	0	0	0	0	0	0	0	0	0	0	0	0	0	0	0	0	0	0	0	
10/03/2022 11:22:03	0	0	8	14.99	15.02	0	1457	874	3.701	3.7015	0	0	False	-1.706667	-1.55	-1.655	10	0	1.9513	3.727	3.738	-1	-0.034	3.701	0	0	0	0	0	0	0	0	0	0	0	0	0	0	0	0	0	0	0	0	0	0	0	0	0	0	0	0	0	0	0	0	0	0	0	0	0	0	0	0	0	0	0	0	0	0	0	0	0	0	
10/03/2022 11:22:13	0	0	8	14.99	15.02	0	1329	884	3.7	3.7011	0	0	False	-1.638333	-1.496667	-1.523333	10	0	1.9556	3.727	3.738	-1	-0.023	3.7	0	0	0	0	0	0	0	0	0	0	0	0	0	0	0	0	0	0	0	0	0	0	0	0	0	0	0	0	0	0	0	0	0	0	0	0	0	0	0	0	0	0	0	0	0	0	0	0	0	0	
10/03/2022 11:22:23	0	0	8	14.99	15.02	0	1027	894	3.7	3.701	0	0	False	-1.566667	-1.388333	-1.245	10	0	1.9596	3.727	3.738	-1	-0.023	3.7	0	0	0	0	0	0	0	0	0	0	0	0	0	0	0	0	0	0	0	0	0	0	0	0	0	0	0	0	0	0	0	0	0	0	0	0	0	0	0	0	0	0	0	0	0	0	0	0	0	0	
10/03/2022 11:22:33	0	0	8	14.98	15.02	0	1189	904	3.7	3.7011	0	0	False	-1.453333	-1.356667	-1.403333	10	0	1.9633	3.727	3.738	-1	-0.023	3.7	0	0	0	0	0	0	0	0	0	0	0	0	0	0	0	0	0	0	0	0	0	0	0	0	0	0	0	0	0	0	0	0	0	0	0	0	0	0	0	0	0	0	0	0	0	0	0	0	0	0	
10/03/2022 11:22:43	0	0	8	14.98	15.02	0	1007	914	3.7	3.7009	0	0	False	-1.398333	-1.281667	-1.135	10	0	1.9669	3.727	3.738	-1	-0.023	3.7	0	0	0	0	0	0	0	0	0	0	0	0	0	0	0	0	0	0	0	0	0	0	0	0	0	0	0	0	0	0	0	0	0	0	0	0	0	0	0	0	0	0	0	0	0	0	0	0	0	0	
10/03/2022 11:22:53	0	0	8	14.98	15.02	0	995	924	3.7	3.701	0	0	False	-1.316667	-1.201667	-1.156667	10	0	1.9702	3.727	3.738	-1	-0.023	3.7	0	0	0	0	0	0	0	0	0	0	0	0	0	0	0	0	0	0	0	0	0	0	0	0	0	0	0	0	0	0	0	0	0	0	0	0	0	0	0	0	0	0	0	0	0	0	0	0	0	0	
10/03/2022 11:23:03	0	0	8	14.99	15.02	0	1045	934	3.7	3.7009	0	0	False	-1.255	-1.185	-1.21	10	0	1.9735	3.738	3.738	-1	-0.034	3.7	0	0	0	0	0	0	0	0	0	0	0	0	0	0	0	0	0	0	0	0	0	0	0	0	0	0	0	0	0	0	0	0	0	0	0	0	0	0	0	0	0	0	0	0	0	0	0	0	0	0	
10/03/2022 11:23:14	0	0	8	14.98	15.02	0	975	944	3.7	3.701	0	0	False	-1.2	-1.093333	-1.075	10	0	1.9766	3.727	3.738	-1	-0.034	3.7	0	0	0	0	0	0	0	0	0	0	0	0	0	0	0	0	0	0	0	0	0	0	0	0	0	0	0	0	0	0	0	0	0	0	0	0	0	0	0	0	0	0	0	0	0	0	0	0	0	0	
10/03/2022 11:23:24	0	0	8	14.98	15.02	0	785	954	3.7	3.7009	0	0	False	-1.158333	-1.096667	-0.9033333	10	0	1.9796	3.727	3.738	-1	-0.046	3.7	0	0	0	0	0	0	0	0	0	0	0	0	0	0	0	0	0	0	0	0	0	0	0	0	0	0	0	0	0	0	0	0	0	0	0	0	0	0	0	0	0	0	0	0	0	0	0	0	0	0	
10/03/2022 11:23:34	0	0	8	14.98	15.02	0	947	964	3.701	3.7014	0	0	False	-1.09	-0.9516667	-1.031667	10	0	1.9823	3.738	3.738	-1	-0.023	3.701	0	0	0	0	0	0	0	0	0	0	0	0	0	0	0	0	0	0	0	0	0	0	0	0	0	0	0	0	0	0	0	0	0	0	0	0	0	0	0	0	0	0	0	0	0	0	0	0	0	0	
10/03/2022 11:23:44	0	0	8	14.98	15.02	0	819	974	3.7	3.701	0	0	False	-1.05	-0.8933333	-0.8766667	10	0	1.9851	3.738	3.738	-1	-0.023	3.7	0	0	0	0	0	0	0	0	0	0	0	0	0	0	0	0	0	0	0	0	0	0	0	0	0	0	0	0	0	0	0	0	0	0	0	0	0	0	0	0	0	0	0	0	0	0	0	0	0	0	
10/03/2022 11:23:54	0	0	8	14.99	15.02	0	807	984	3.7	3.7011	0	0	False	-0.985	-0.83	-0.8283333	10	0	1.9876	3.727	3.738	-1	-0.023	3.7	0	0	0	0	0	0	0	0	0	0	0	0	0	0	0	0	0	0	0	0	0	0	0	0	0	0	0	0	0	0	0	0	0	0	0	0	0	0	0	0	0	0	0	0	0	0	0	0	0	0	
10/03/2022 11:24:04	0	0	8	14.98	15.02	0	853	994	3.701	3.7019	0	0	False	-0.9183334	-0.85	-0.9033333	10	0	1.9899	3.738	3.738	-1	-0.034	3.701	0	0	0	0	0	0	0	0	0	0	0	0	0	0	0	0	0	0	0	0	0	0	0	0	0	0	0	0	0	0	0	0	0	0	0	0	0	0	0	0	0	0	0	0	0	0	0	0	0	0	
10/03/2022 11:24:14	0	0	8	14.98	15.02	0	841	1004	3.7	3.7009	0	0	False	-0.8933333	-0.8483334	-0.895	10	0	1.9923	3.738	3.738	-1	-0.034	3.7	0	0	0	0	0	0	0	0	0	0	0	0	0	0	0	0	0	0	0	0	0	0	0	0	0	0	0	0	0	0	0	0	0	0	0	0	0	0	0	0	0	0	0	0	0	0	0	0	0	0	
10/03/2022 11:24:24	0	0	8	14.98	15.02	0	771	1014	3.7	3.7011	0	0	False	-0.86	-0.7533333	-0.7733333	10	0	1.9945	3.727	3.738	-1	-0.034	3.7	0	0	0	0	0	0	0	0	0	0	0	0	0	0	0	0	0	0	0	0	0	0	0	0	0	0	0	0	0	0	0	0	0	0	0	0	0	0	0	0	0	0	0	0	0	0	0	0	0	0	
10/03/2022 11:24:34	0	0	8	14.98	15.02	0	705	1024	3.701	3.7012	0	0	False	-0.8216667	-0.685	-0.7183333	10	0	1.9966	3.727	3.738	-1	-0.023	3.701	0	0	0	0	0	0	0	0	0	0	0	0	0	0	0	0	0	0	0	0	0	0	0	0	0	0	0	0	0	0	0	0	0	0	0	0	0	0	0	0	0	0	0	0	0	0	0	0	0	0	
