DateTime	SlaveNum	Cycle	Mode	SupplyVolts	LSupplyVolts	SupplyAmps	PWM	SecTimer	AvgCellVolts	MaxCellVolts	AvgIR	FallBackVolts	CVStarted	SlowAmps	AvgAmps	FastAmps	SetAmps	AhrIN	AhrOUT	PackVolts	AvgPackVolts	Fuel1	SumError	Cell1Volts	Cell2Volts	Cell3Volts	Cell4Volts	Cell5Volts	Cell6Volts	Cell7Volts	Cell8Volts	Cell9Volts	Cell10Volts	Cell11Volts	Cell12Volts	Cell13Volts	Cell14Volts	Cell15Volts	Cell16Volts	Cell1IR	Cell2IR	Cell3IR	Cell4IR	Cell5IR	Cell6IR	Cell7IR	Cell8IR	Cell9IR	Cell10IR	Cell11IR	Cell12IR	Cell13IR	Cell14IR	Cell15IR	Cell16IR	BP1PWM	BP2PWM	BP3PWM	BP4PWM	BP5PWM	BP6PWM	BP7PWM	BP8PWM	BP9PWM	BP10PWM	BP11PWM	BP12PWM	BP13PWM	BP14PWM	BP15PWM	BP16PWM	Debug1	Debug2	Debug3	
10/03/2022 11:29:35	0	0	6	15.02	15.03	0.9	2147	13	3.561	3.5621	0	0	False	0	0.19	3.26	4.2	0	0	3.589	3.589	57.2	-0.034	3.561	0	0	0	0	0	0	0	0	0	0	0	0	0	0	0	18.5	0	0	0	0	0	0	0	0	0	0	0	0	0	0	0	0	0	0	0	0	0	0	0	0	0	0	0	0	0	0	0	0	0	0	
10/03/2022 11:29:36	0	0	6	15.02	15.03	1.1	2133	14	3.573	3.5734	0	0	False	0.02833333	1.331667	4.266667	4.2	0.0013	0	3.601	3.601	57.7	-0.034	3.573	0	0	0	0	0	0	0	0	0	0	0	0	0	0	0	18.1	0	0	0	0	0	0	0	0	0	0	0	0	0	0	0	0	0	0	0	0	0	0	0	0	0	0	0	0	0	0	0	0	0	0	
10/03/2022 11:29:46	0	0	6	15.02	15.03	1.1	2145	24	3.598	3.5984	18	0	False	3.983333	4.193333	4.268333	4.2	0.0129	0	3.635	3.624	59.1	-0.034	3.598	0	0	0	0	0	0	0	0	0	0	0	0	0	0	0	18	0	0	0	0	0	0	0	0	0	0	0	0	0	0	0	0	0	0	0	0	0	0	0	0	0	0	0	0	0	0	0	0	0	0	
10/03/2022 11:29:56	0	0	6	15.03	15.03	1.1	2151	34	3.609	3.6084	18.2	0	False	4.076667	4.195	4.181667	4.2	0.0246	0	3.635	3.635	59.7	-0.034	3.609	0	0	0	0	0	0	0	0	0	0	0	0	0	0	0	18.2	0	0	0	0	0	0	0	0	0	0	0	0	0	0	0	0	0	0	0	0	0	0	0	0	0	0	0	0	0	0	0	0	0	0	
10/03/2022 11:30:06	0	0	6	15.02	15.03	1.1	2153	44	3.615	3.6159	18.3	0	False	4.128334	4.2	4.208333	4.2	0.0362	0	3.647	3.647	60.1	-0.034	3.615	0	0	0	0	0	0	0	0	0	0	0	0	0	0	0	18.3	0	0	0	0	0	0	0	0	0	0	0	0	0	0	0	0	0	0	0	0	0	0	0	0	0	0	0	0	0	0	0	0	0	0	
10/03/2022 11:30:16	0	0	6	15.02	15.03	1.1	2157	54	3.621	3.6221	18.3	0	False	4.15	4.205	4.208333	4.2	0.0479	0	3.647	3.647	60.3	-0.034	3.621	0	0	0	0	0	0	0	0	0	0	0	0	0	0	0	18.3	0	0	0	0	0	0	0	0	0	0	0	0	0	0	0	0	0	0	0	0	0	0	0	0	0	0	0	0	0	0	0	0	0	0	
10/03/2022 11:30:26	0	0	6	15.02	15.03	1.1	2159	64	3.626	3.6271	18.2	0	False	4.171667	4.195	4.148334	4.2	0.0595	0	3.658	3.658	60.6	-0.034	3.626	0	0	0	0	0	0	0	0	0	0	0	0	0	0	0	18.2	0	0	0	0	0	0	0	0	0	0	0	0	0	0	0	0	0	0	0	0	0	0	0	0	0	0	0	0	0	0	0	0	0	0	
10/03/2022 11:30:36	0	0	6	15.03	15.03	1.1	2163	74	3.631	3.6321	18.2	0	False	4.188334	4.2	4.173333	4.2	0.0712	0	3.67	3.66	60.8	-0.034	3.631	0	0	0	0	0	0	0	0	0	0	0	0	0	0	0	18.2	0	0	0	0	0	0	0	0	0	0	0	0	0	0	0	0	0	0	0	0	0	0	0	0	0	0	0	0	0	0	0	0	0	0	
10/03/2022 11:30:46	0	0	6	15.03	15.03	1.1	2165	84	3.635	3.6364	18.1	0	False	4.185	4.193333	4.205	4.2	0.0828	0	3.658	3.67	61.1	-0.023	3.635	0	0	0	0	0	0	0	0	0	0	0	0	0	0	0	18.1	0	0	0	0	0	0	0	0	0	0	0	0	0	0	0	0	0	0	0	0	0	0	0	0	0	0	0	0	0	0	0	0	0	0	
10/03/2022 11:30:56	0	0	6	15.02	15.03	1.1	2167	94	3.639	3.64	18.2	0	False	4.188334	4.175	4.151667	4.2	0.0945	0	3.67	3.67	61.3	-0.034	3.639	0	0	0	0	0	0	0	0	0	0	0	0	0	0	0	18.2	0	0	0	0	0	0	0	0	0	0	0	0	0	0	0	0	0	0	0	0	0	0	0	0	0	0	0	0	0	0	0	0	0	0	
10/03/2022 11:31:07	0	0	6	15.02	15.03	1.1	2169	104	3.643	3.6435	18.2	0	False	4.185	4.188334	4.238333	4.2	0.1061	0	3.67	3.67	61.5	-0.023	3.643	0	0	0	0	0	0	0	0	0	0	0	0	0	0	0	18.2	0	0	0	0	0	0	0	0	0	0	0	0	0	0	0	0	0	0	0	0	0	0	0	0	0	0	0	0	0	0	0	0	0	0	
10/03/2022 11:31:17	0	0	6	15.02	15.03	1.1	2169	114	3.646	3.6471	18.2	0	False	4.191667	4.188334	4.178333	4.2	0.1177	0	3.67	3.681	61.6	-0.023	3.646	0	0	0	0	0	0	0	0	0	0	0	0	0	0	0	18.2	0	0	0	0	0	0	0	0	0	0	0	0	0	0	0	0	0	0	0	0	0	0	0	0	0	0	0	0	0	0	0	0	0	0	
10/03/2022 11:31:27	0	0	6	15.02	15.03	1.2	2173	124	3.649	3.6503	18.1	0	False	4.198333	4.218333	4.23	4.2	0.1294	0	3.681	3.681	61.8	-0.034	3.649	0	0	0	0	0	0	0	0	0	0	0	0	0	0	0	18.1	0	0	0	0	0	0	0	0	0	0	0	0	0	0	0	0	0	0	0	0	0	0	0	0	0	0	0	0	0	0	0	0	0	0	
10/03/2022 11:31:37	0	0	6	15.02	15.03	1.1	2173	134	3.652	3.6534	18	0	False	4.201667	4.196667	4.211667	4.2	0.141	0	3.681	3.681	61.8	-0.034	3.652	0	0	0	0	0	0	0	0	0	0	0	0	0	0	0	18	0	0	0	0	0	0	0	0	0	0	0	0	0	0	0	0	0	0	0	0	0	0	0	0	0	0	0	0	0	0	0	0	0	0	
10/03/2022 11:31:47	0	0	6	15.02	15.03	1.1	2175	144	3.655	3.6559	18	0	False	4.188334	4.18	4.193333	4.2	0.1526	0	3.681	3.684	62	-0.034	3.655	0	0	0	0	0	0	0	0	0	0	0	0	0	0	0	18	0	0	0	0	0	0	0	0	0	0	0	0	0	0	0	0	0	0	0	0	0	0	0	0	0	0	0	0	0	0	0	0	0	0	
10/03/2022 11:31:57	0	0	6	15.02	15.03	1.1	2175	154	3.658	3.6584	18	0	False	4.191667	4.201667	4.151667	4.2	0.1643	0	3.681	3.693	62.2	-0.023	3.658	0	0	0	0	0	0	0	0	0	0	0	0	0	0	0	18	0	0	0	0	0	0	0	0	0	0	0	0	0	0	0	0	0	0	0	0	0	0	0	0	0	0	0	0	0	0	0	0	0	0	
10/03/2022 11:32:07	0	0	6	15.03	15.03	1.1	2179	164	3.66	3.6609	18	0	False	4.203333	4.191667	4.19	4.2	0.176	0	3.693	3.693	62.3	-0.034	3.66	0	0	0	0	0	0	0	0	0	0	0	0	0	0	0	18	0	0	0	0	0	0	0	0	0	0	0	0	0	0	0	0	0	0	0	0	0	0	0	0	0	0	0	0	0	0	0	0	0	0	
10/03/2022 11:32:17	0	0	6	15.02	15.03	1.1	2179	174	3.663	3.6636	17.9	0	False	4.19	4.201667	4.173333	4.2	0.1876	0	3.693	3.693	62.4	-0.034	3.663	0	0	0	0	0	0	0	0	0	0	0	0	0	0	0	17.9	0	0	0	0	0	0	0	0	0	0	0	0	0	0	0	0	0	0	0	0	0	0	0	0	0	0	0	0	0	0	0	0	0	0	
10/03/2022 11:32:27	0	0	6	15.03	15.03	1.1	2179	184	3.665	3.6659	18	0	False	4.206666	4.216667	4.116667	4.2	0.1993	0	3.693	3.695	62.6	-0.034	3.665	0	0	0	0	0	0	0	0	0	0	0	0	0	0	0	18	0	0	0	0	0	0	0	0	0	0	0	0	0	0	0	0	0	0	0	0	0	0	0	0	0	0	0	0	0	0	0	0	0	0	
10/03/2022 11:32:37	0	0	6	15.03	15.03	1.1	2181	194	3.668	3.6684	18	0	False	4.213333	4.206666	4.185	4.2	0.211	0	3.704	3.704	62.6	-0.023	3.668	0	0	0	0	0	0	0	0	0	0	0	0	0	0	0	18	0	0	0	0	0	0	0	0	0	0	0	0	0	0	0	0	0	0	0	0	0	0	0	0	0	0	0	0	0	0	0	0	0	0	
10/03/2022 11:32:47	0	0	6	15.03	15.03	1.1	2183	204	3.669	3.6703	17.9	0	False	4.196667	4.185	4.178333	4.2	0.2226	0	3.704	3.704	62.8	-0.034	3.669	0	0	0	0	0	0	0	0	0	0	0	0	0	0	0	17.9	0	0	0	0	0	0	0	0	0	0	0	0	0	0	0	0	0	0	0	0	0	0	0	0	0	0	0	0	0	0	0	0	0	0	
10/03/2022 11:32:57	0	0	6	15.03	15.03	1.2	2185	214	3.673	3.6739	18	0	False	4.19	4.18	4.235	4.2	0.2342	0	3.704	3.704	63	-0.034	3.673	0	0	0	0	0	0	0	0	0	0	0	0	0	0	0	18	0	0	0	0	0	0	0	0	0	0	0	0	0	0	0	0	0	0	0	0	0	0	0	0	0	0	0	0	0	0	0	0	0	0	
10/03/2022 11:33:07	0	0	6	15.03	15.03	1.1	2185	224	3.675	3.6759	17.7	0	False	4.195	4.208333	4.226666	4.2	0.2459	0	3.704	3.705	63.1	-0.023	3.675	0	0	0	0	0	0	0	0	0	0	0	0	0	0	0	17.7	0	0	0	0	0	0	0	0	0	0	0	0	0	0	0	0	0	0	0	0	0	0	0	0	0	0	0	0	0	0	0	0	0	0	
10/03/2022 11:33:17	0	0	6	15.03	15.03	1.1	2187	234	3.678	3.6784	17.8	0	False	4.201667	4.195	4.2	4.2	0.2576	0	3.704	3.71	63.1	-0.034	3.678	0	0	0	0	0	0	0	0	0	0	0	0	0	0	0	17.8	0	0	0	0	0	0	0	0	0	0	0	0	0	0	0	0	0	0	0	0	0	0	0	0	0	0	0	0	0	0	0	0	0	0	
10/03/2022 11:33:27	0	0	6	15.03	15.03	1.1	2187	244	3.679	3.6801	17.6	0	False	4.188334	4.181667	4.161667	4.2	0.2692	0	3.704	3.716	63.3	-0.034	3.679	0	0	0	0	0	0	0	0	0	0	0	0	0	0	0	17.6	0	0	0	0	0	0	0	0	0	0	0	0	0	0	0	0	0	0	0	0	0	0	0	0	0	0	0	0	0	0	0	0	0	0	
10/03/2022 11:33:37	0	0	6	15.03	15.03	1.1	2187	254	3.681	3.6821	17.5	0	False	4.186666	4.181667	4.128334	4.2	0.2809	0	3.716	3.716	63.3	-0.034	3.681	0	0	0	0	0	0	0	0	0	0	0	0	0	0	0	17.5	0	0	0	0	0	0	0	0	0	0	0	0	0	0	0	0	0	0	0	0	0	0	0	0	0	0	0	0	0	0	0	0	0	0	
10/03/2022 11:33:47	0	0	6	15.03	15.03	1.1	2189	264	3.684	3.6846	17.4	0	False	4.196667	4.206666	4.238333	4.2	0.2925	0	3.716	3.716	63.4	-0.023	3.684	0	0	0	0	0	0	0	0	0	0	0	0	0	0	0	17.4	0	0	0	0	0	0	0	0	0	0	0	0	0	0	0	0	0	0	0	0	0	0	0	0	0	0	0	0	0	0	0	0	0	0	
10/03/2022 11:33:58	0	0	6	15.03	15.03	1.1	2189	274	3.685	3.6859	17.3	0	False	4.193333	4.19	4.178333	4.2	0.3042	0	3.716	3.716	63.6	-0.034	3.685	0	0	0	0	0	0	0	0	0	0	0	0	0	0	0	17.3	0	0	0	0	0	0	0	0	0	0	0	0	0	0	0	0	0	0	0	0	0	0	0	0	0	0	0	0	0	0	0	0	0	0	
10/03/2022 11:34:08	0	0	6	15.03	15.03	1.2	2193	284	3.688	3.6884	17.3	0	False	4.18	4.185	4.276667	4.2	0.3158	0	3.716	3.72	63.7	-0.034	3.688	0	0	0	0	0	0	0	0	0	0	0	0	0	0	0	17.3	0	0	0	0	0	0	0	0	0	0	0	0	0	0	0	0	0	0	0	0	0	0	0	0	0	0	0	0	0	0	0	0	0	0	
10/03/2022 11:34:18	0	0	6	15.03	15.03	1.1	2191	294	3.689	3.6897	17.2	0	False	4.183333	4.191667	4.116667	4.2	0.3274	0	3.727	3.727	63.7	-0.034	3.689	0	0	0	0	0	0	0	0	0	0	0	0	0	0	0	17.2	0	0	0	0	0	0	0	0	0	0	0	0	0	0	0	0	0	0	0	0	0	0	0	0	0	0	0	0	0	0	0	0	0	0	
10/03/2022 11:34:28	0	0	6	15.03	15.03	1.1	2195	304	3.691	3.6922	17.4	0	False	4.2	4.198333	4.205	4.2	0.3391	0	3.716	3.727	63.8	-0.034	3.691	0	0	0	0	0	0	0	0	0	0	0	0	0	0	0	17.4	0	0	0	0	0	0	0	0	0	0	0	0	0	0	0	0	0	0	0	0	0	0	0	0	0	0	0	0	0	0	0	0	0	0	
10/03/2022 11:34:38	0	0	6	15.03	15.03	1.1	2195	314	3.694	3.6947	17.3	0	False	4.188334	4.185	4.178333	4.2	0.3508	0	3.716	3.727	64	-0.034	3.694	0	0	0	0	0	0	0	0	0	0	0	0	0	0	0	17.3	0	0	0	0	0	0	0	0	0	0	0	0	0	0	0	0	0	0	0	0	0	0	0	0	0	0	0	0	0	0	0	0	0	0	
10/03/2022 11:34:48	0	0	6	15.02	15.03	1.2	2197	324	3.695	3.6962	17.4	0	False	4.178333	4.186666	4.273334	4.2	0.3624	0	3.727	3.727	64.1	-0.034	3.695	0	0	0	0	0	0	0	0	0	0	0	0	0	0	0	17.4	0	0	0	0	0	0	0	0	0	0	0	0	0	0	0	0	0	0	0	0	0	0	0	0	0	0	0	0	0	0	0	0	0	0	
10/03/2022 11:34:58	0	0	6	15.03	15.03	1.2	2199	334	3.698	3.6984	17.2	0	False	4.185	4.21	4.208333	4.2	0.3741	0	3.727	3.728	64.2	-0.034	3.698	0	0	0	0	0	0	0	0	0	0	0	0	0	0	0	17.2	0	0	0	0	0	0	0	0	0	0	0	0	0	0	0	0	0	0	0	0	0	0	0	0	0	0	0	0	0	0	0	0	0	0	
10/03/2022 11:35:08	0	0	6	15.02	15.03	1.2	2199	344	3.699	3.7001	17.3	0	False	4.191667	4.188334	4.21	4.2	0.3858	0	3.727	3.729	64.3	-0.034	3.699	0	0	0	0	0	0	0	0	0	0	0	0	0	0	0	17.3	0	0	0	0	0	0	0	0	0	0	0	0	0	0	0	0	0	0	0	0	0	0	0	0	0	0	0	0	0	0	0	0	0	0	
10/03/2022 11:35:18	0	0	6	15.02	15.03	1.2	2201	354	3.701	3.7022	17.3	0	False	4.176667	4.193333	4.276667	4.2	0.3973	0	3.727	3.738	64.4	-0.023	3.701	0	0	0	0	0	0	0	0	0	0	0	0	0	0	0	17.3	0	0	0	0	0	0	0	0	0	0	0	0	0	0	0	0	0	0	0	0	0	0	0	0	0	0	0	0	0	0	0	0	0	0	
10/03/2022 11:35:28	0	0	6	15.03	15.03	1.2	2201	364	3.704	3.7047	17.3	0	False	4.18	4.196667	4.245	4.2	0.409	0	3.727	3.738	64.5	-0.023	3.704	0	0	0	0	0	0	0	0	0	0	0	0	0	0	0	17.3	0	0	0	0	0	0	0	0	0	0	0	0	0	0	0	0	0	0	0	0	0	0	0	0	0	0	0	0	0	0	0	0	0	0	
10/03/2022 11:35:38	0	0	6	15.03	15.03	1.1	2201	374	3.705	3.7061	17.3	0	False	4.19	4.191667	4.178333	4.2	0.4207	0	3.738	3.738	64.6	-0.034	3.705	0	0	0	0	0	0	0	0	0	0	0	0	0	0	0	17.3	0	0	0	0	0	0	0	0	0	0	0	0	0	0	0	0	0	0	0	0	0	0	0	0	0	0	0	0	0	0	0	0	0	0	
10/03/2022 11:35:48	0	0	6	15.02	15.03	1.1	2203	384	3.708	3.7084	17.3	0	False	4.193333	4.186666	4.21	4.2	0.4324	0	3.738	3.738	64.7	-0.034	3.708	0	0	0	0	0	0	0	0	0	0	0	0	0	0	0	17.3	0	0	0	0	0	0	0	0	0	0	0	0	0	0	0	0	0	0	0	0	0	0	0	0	0	0	0	0	0	0	0	0	0	0	
10/03/2022 11:35:58	0	0	6	15.02	15.03	1.2	2205	394	3.709	3.71	17.3	0	False	4.178333	4.181667	4.245	4.2	0.4439	0	3.738	3.738	64.8	-0.034	3.709	0	0	0	0	0	0	0	0	0	0	0	0	0	0	0	17.3	0	0	0	0	0	0	0	0	0	0	0	0	0	0	0	0	0	0	0	0	0	0	0	0	0	0	0	0	0	0	0	0	0	0	
10/03/2022 11:36:08	0	0	6	15.03	15.03	1.2	2205	404	3.711	3.7122	17.3	0	False	4.178333	4.183333	4.235	4.2	0.4556	0	3.738	3.741	64.9	-0.023	3.711	0	0	0	0	0	0	0	0	0	0	0	0	0	0	0	17.3	0	0	0	0	0	0	0	0	0	0	0	0	0	0	0	0	0	0	0	0	0	0	0	0	0	0	0	0	0	0	0	0	0	0	
10/03/2022 11:36:18	0	0	6	15.03	15.03	1.2	2205	414	3.714	3.7147	17.2	0	False	4.191667	4.195	4.185	4.2	0.4673	0	3.738	3.748	64.9	-0.023	3.714	0	0	0	0	0	0	0	0	0	0	0	0	0	0	0	17.2	0	0	0	0	0	0	0	0	0	0	0	0	0	0	0	0	0	0	0	0	0	0	0	0	0	0	0	0	0	0	0	0	0	0	
10/03/2022 11:36:28	0	0	6	15.03	15.03	1.1	2205	424	3.715	3.7164	17.3	0	False	4.186666	4.186666	4.188334	4.2	0.4789	0	3.75	3.75	65.1	-0.034	3.715	0	0	0	0	0	0	0	0	0	0	0	0	0	0	0	17.3	0	0	0	0	0	0	0	0	0	0	0	0	0	0	0	0	0	0	0	0	0	0	0	0	0	0	0	0	0	0	0	0	0	0	
10/03/2022 11:36:38	0	0	6	15.03	15.03	1.2	2209	434	3.718	3.7186	17.2	0	False	4.176667	4.193333	4.25	4.2	0.4905	0	3.75	3.75	65.2	-0.023	3.718	0	0	0	0	0	0	0	0	0	0	0	0	0	0	0	17.2	0	0	0	0	0	0	0	0	0	0	0	0	0	0	0	0	0	0	0	0	0	0	0	0	0	0	0	0	0	0	0	0	0	0	
10/03/2022 11:36:49	0	0	6	15.03	15.03	1.1	2207	444	3.72	3.7209	17.1	0	False	4.18	4.195	4.108333	4.2	0.5022	0	3.75	3.75	65.2	-0.034	3.72	0	0	0	0	0	0	0	0	0	0	0	0	0	0	0	17.1	0	0	0	0	0	0	0	0	0	0	0	0	0	0	0	0	0	0	0	0	0	0	0	0	0	0	0	0	0	0	0	0	0	0	
10/03/2022 11:36:59	0	0	6	15.03	15.03	1.2	2209	454	3.722	3.7223	17.2	0	False	4.193333	4.185	4.205	4.2	0.5139	0	3.75	3.754	65.3	-0.034	3.722	0	0	0	0	0	0	0	0	0	0	0	0	0	0	0	17.2	0	0	0	0	0	0	0	0	0	0	0	0	0	0	0	0	0	0	0	0	0	0	0	0	0	0	0	0	0	0	0	0	0	0	
10/03/2022 11:37:09	0	0	6	15.03	15.03	1.1	2209	464	3.724	3.7247	17.2	0	False	4.188334	4.19	4.143333	4.2	0.5255	0	3.75	3.761	65.6	-0.034	3.724	0	0	0	0	0	0	0	0	0	0	0	0	0	0	0	17.2	0	0	0	0	0	0	0	0	0	0	0	0	0	0	0	0	0	0	0	0	0	0	0	0	0	0	0	0	0	0	0	0	0	0	
10/03/2022 11:37:19	0	0	6	15.03	15.03	1.2	2213	474	3.726	3.7272	17	0	False	4.185	4.186666	4.266667	4.2	0.5372	0	3.75	3.761	65.6	-0.034	3.726	0	0	0	0	0	0	0	0	0	0	0	0	0	0	0	17	0	0	0	0	0	0	0	0	0	0	0	0	0	0	0	0	0	0	0	0	0	0	0	0	0	0	0	0	0	0	0	0	0	0	
10/03/2022 11:37:29	0	0	6	15.03	15.03	1.2	2213	484	3.728	3.7292	17.1	0	False	4.191667	4.206666	4.235	4.2	0.5488	0	3.761	3.761	65.7	-0.034	3.728	0	0	0	0	0	0	0	0	0	0	0	0	0	0	0	17.1	0	0	0	0	0	0	0	0	0	0	0	0	0	0	0	0	0	0	0	0	0	0	0	0	0	0	0	0	0	0	0	0	0	0	
10/03/2022 11:37:39	0	0	6	15.03	15.03	1.2	2215	494	3.73	3.7309	17	0	False	4.191667	4.178333	4.173333	4.2	0.5605	0	3.761	3.761	65.8	-0.034	3.73	0	0	0	0	0	0	0	0	0	0	0	0	0	0	0	17	0	0	0	0	0	0	0	0	0	0	0	0	0	0	0	0	0	0	0	0	0	0	0	0	0	0	0	0	0	0	0	0	0	0	
10/03/2022 11:37:49	0	0	6	15.03	15.03	1.2	2217	504	3.733	3.7334	17	0	False	4.185	4.193333	4.276667	4.2	0.5721	0	3.761	3.763	65.9	-0.034	3.733	0	0	0	0	0	0	0	0	0	0	0	0	0	0	0	17	0	0	0	0	0	0	0	0	0	0	0	0	0	0	0	0	0	0	0	0	0	0	0	0	0	0	0	0	0	0	0	0	0	0	
10/03/2022 11:37:59	0	0	6	15.03	15.03	1.2	2217	514	3.734	3.735	17	0	False	4.195	4.216667	4.205	4.2	0.5838	0	3.761	3.773	66	-0.034	3.734	0	0	0	0	0	0	0	0	0	0	0	0	0	0	0	17	0	0	0	0	0	0	0	0	0	0	0	0	0	0	0	0	0	0	0	0	0	0	0	0	0	0	0	0	0	0	0	0	0	0	
10/03/2022 11:38:09	0	0	6	15.03	15.03	1.2	2219	524	3.737	3.7373	17.1	0	False	4.2	4.193333	4.2	4.2	0.5955	0	3.773	3.773	66.2	-0.023	3.737	0	0	0	0	0	0	0	0	0	0	0	0	0	0	0	17.1	0	0	0	0	0	0	0	0	0	0	0	0	0	0	0	0	0	0	0	0	0	0	0	0	0	0	0	0	0	0	0	0	0	0	
10/03/2022 11:38:19	0	0	6	15.03	15.03	1.2	2219	534	3.739	3.7397	17	0	False	4.19	4.221667	4.161667	4.2	0.6071	0	3.773	3.773	66.2	-0.034	3.739	0	0	0	0	0	0	0	0	0	0	0	0	0	0	0	17	0	0	0	0	0	0	0	0	0	0	0	0	0	0	0	0	0	0	0	0	0	0	0	0	0	0	0	0	0	0	0	0	0	0	
10/03/2022 11:38:29	0	0	6	15.03	15.03	1.1	2219	544	3.741	3.7422	17.1	0	False	4.193333	4.191667	4.14	4.2	0.6188	0	3.761	3.773	66.3	-0.034	3.741	0	0	0	0	0	0	0	0	0	0	0	0	0	0	0	17.1	0	0	0	0	0	0	0	0	0	0	0	0	0	0	0	0	0	0	0	0	0	0	0	0	0	0	0	0	0	0	0	0	0	0	
10/03/2022 11:38:39	0	0	6	15.03	15.03	1.2	2223	554	3.743	3.7444	17.2	0	False	4.206666	4.2	4.211667	4.2	0.6304	0	3.773	3.774	66.5	-0.034	3.743	0	0	0	0	0	0	0	0	0	0	0	0	0	0	0	17.2	0	0	0	0	0	0	0	0	0	0	0	0	0	0	0	0	0	0	0	0	0	0	0	0	0	0	0	0	0	0	0	0	0	0	
10/03/2022 11:38:49	0	0	6	15.02	15.03	1.2	2223	564	3.745	3.7462	17.2	0	False	4.19	4.196667	4.2	4.2	0.642	0	3.773	3.784	66.6	-0.034	3.745	0	0	0	0	0	0	0	0	0	0	0	0	0	0	0	17.2	0	0	0	0	0	0	0	0	0	0	0	0	0	0	0	0	0	0	0	0	0	0	0	0	0	0	0	0	0	0	0	0	0	0	
10/03/2022 11:38:59	0	0	6	15.03	15.03	1.2	2225	572	3.748	3.7484	17.1	0	False	4.183333	4.188334	4.235	4.2	0.6513	0	3.784	3.784	66.7	-0.023	3.748	0	0	0	0	0	0	0	0	0	0	0	0	0	0	0	17.1	0	0	0	0	0	0	0	0	0	0	0	0	0	0	0	0	0	0	0	0	0	0	0	0	0	0	0	0	0	0	0	0	0	0	
10/03/2022 11:39:09	0	0	6	15.03	15.03	1.2	2227	584	3.75	3.7509	17.2	0	False	4.193333	4.211667	4.231667	4.2	0.6654	0	3.773	3.784	66.7	-0.034	3.75	0	0	0	0	0	0	0	0	0	0	0	0	0	0	0	17.2	0	0	0	0	0	0	0	0	0	0	0	0	0	0	0	0	0	0	0	0	0	0	0	0	0	0	0	0	0	0	0	0	0	0	
10/03/2022 11:39:19	0	0	6	15.03	15.03	1.2	2227	594	3.753	3.7534	17.3	0	False	4.19	4.178333	4.178333	4.2	0.677	0	3.784	3.784	67	-0.034	3.753	0	0	0	0	0	0	0	0	0	0	0	0	0	0	0	17.3	0	0	0	0	0	0	0	0	0	0	0	0	0	0	0	0	0	0	0	0	0	0	0	0	0	0	0	0	0	0	0	0	0	0	
10/03/2022 11:39:30	0	0	6	15.02	15.03	1.2	2229	604	3.755	3.7559	17.2	0	False	4.183333	4.19	4.266667	4.2	0.6886	0	3.784	3.786	67.1	-0.034	3.755	0	0	0	0	0	0	0	0	0	0	0	0	0	0	0	17.2	0	0	0	0	0	0	0	0	0	0	0	0	0	0	0	0	0	0	0	0	0	0	0	0	0	0	0	0	0	0	0	0	0	0	
10/03/2022 11:39:40	0	0	6	15.03	15.03	1.2	2231	614	3.757	3.7584	17.1	0	False	4.193333	4.2	4.185	4.2	0.7003	0	3.784	3.794	67.1	-0.046	3.757	0	0	0	0	0	0	0	0	0	0	0	0	0	0	0	17.1	0	0	0	0	0	0	0	0	0	0	0	0	0	0	0	0	0	0	0	0	0	0	0	0	0	0	0	0	0	0	0	0	0	0	
10/03/2022 11:39:50	0	0	6	15.02	15.03	1.2	2231	624	3.76	3.7609	17.2	0	False	4.191667	4.196667	4.181667	4.2	0.712	0	3.796	3.796	67.3	-0.034	3.76	0	0	0	0	0	0	0	0	0	0	0	0	0	0	0	17.2	0	0	0	0	0	0	0	0	0	0	0	0	0	0	0	0	0	0	0	0	0	0	0	0	0	0	0	0	0	0	0	0	0	0	
10/03/2022 11:40:00	0	0	6	15.03	15.03	1.2	2233	634	3.762	3.7634	17.1	0	False	4.188334	4.196667	4.235	4.2	0.7236	0	3.796	3.796	67.4	-0.034	3.762	0	0	0	0	0	0	0	0	0	0	0	0	0	0	0	17.1	0	0	0	0	0	0	0	0	0	0	0	0	0	0	0	0	0	0	0	0	0	0	0	0	0	0	0	0	0	0	0	0	0	0	
10/03/2022 11:40:10	0	0	6	15.03	15.03	1.2	2235	644	3.764	3.7653	17.1	0	False	4.198333	4.205	4.235	4.2	0.7353	0	3.796	3.796	67.5	-0.034	3.764	0	0	0	0	0	0	0	0	0	0	0	0	0	0	0	17.1	0	0	0	0	0	0	0	0	0	0	0	0	0	0	0	0	0	0	0	0	0	0	0	0	0	0	0	0	0	0	0	0	0	0	
10/03/2022 11:40:20	0	0	6	15.03	15.03	1.2	2237	654	3.767	3.7684	17.1	0	False	4.185	4.196667	4.255	4.2	0.7469	0	3.796	3.797	67.7	-0.034	3.767	0	0	0	0	0	0	0	0	0	0	0	0	0	0	0	17.1	0	0	0	0	0	0	0	0	0	0	0	0	0	0	0	0	0	0	0	0	0	0	0	0	0	0	0	0	0	0	0	0	0	0	
10/03/2022 11:40:30	0	0	6	15.03	15.03	1.2	2235	664	3.77	3.7709	17	0	False	4.188334	4.201667	4.121666	4.2	0.7585	0	3.796	3.807	67.7	-0.023	3.77	0	0	0	0	0	0	0	0	0	0	0	0	0	0	0	17	0	0	0	0	0	0	0	0	0	0	0	0	0	0	0	0	0	0	0	0	0	0	0	0	0	0	0	0	0	0	0	0	0	0	
10/03/2022 11:40:40	0	0	6	15.03	15.03	1.2	2239	674	3.773	3.7734	17.1	0	False	4.201667	4.203333	4.185	4.2	0.7702	0	3.807	3.807	67.9	-0.034	3.773	0	0	0	0	0	0	0	0	0	0	0	0	0	0	0	17.1	0	0	0	0	0	0	0	0	0	0	0	0	0	0	0	0	0	0	0	0	0	0	0	0	0	0	0	0	0	0	0	0	0	0	
10/03/2022 11:40:50	0	0	6	15.03	15.03	1.2	2239	684	3.775	3.7759	17	0	False	4.188334	4.16	4.151667	4.2	0.7818	0	3.807	3.807	68.1	-0.034	3.775	0	0	0	0	0	0	0	0	0	0	0	0	0	0	0	17	0	0	0	0	0	0	0	0	0	0	0	0	0	0	0	0	0	0	0	0	0	0	0	0	0	0	0	0	0	0	0	0	0	0	
10/03/2022 11:41:00	0	0	6	15.03	15.03	1.2	2241	694	3.778	3.7784	17	0	False	4.185	4.205	4.228333	4.2	0.7935	0	3.807	3.814	68.2	-0.034	3.778	0	0	0	0	0	0	0	0	0	0	0	0	0	0	0	17	0	0	0	0	0	0	0	0	0	0	0	0	0	0	0	0	0	0	0	0	0	0	0	0	0	0	0	0	0	0	0	0	0	0	
10/03/2022 11:41:10	0	0	6	15.03	15.03	1.2	2243	704	3.78	3.7814	17	0	False	4.198333	4.201667	4.21	4.2	0.8051	0	3.819	3.819	68.3	-0.034	3.78	0	0	0	0	0	0	0	0	0	0	0	0	0	0	0	17	0	0	0	0	0	0	0	0	0	0	0	0	0	0	0	0	0	0	0	0	0	0	0	0	0	0	0	0	0	0	0	0	0	0	
10/03/2022 11:41:20	0	0	6	15.03	15.03	1.2	2245	714	3.783	3.7845	17.1	0	False	4.183333	4.198333	4.25	4.2	0.8167	0	3.819	3.819	68.5	-0.034	3.783	0	0	0	0	0	0	0	0	0	0	0	0	0	0	0	17.1	0	0	0	0	0	0	0	0	0	0	0	0	0	0	0	0	0	0	0	0	0	0	0	0	0	0	0	0	0	0	0	0	0	0	
10/03/2022 11:41:30	0	0	6	15.03	15.03	1.2	2247	724	3.786	3.7872	17	0	False	4.19	4.21	4.245	4.2	0.8284	0	3.819	3.819	68.6	-0.034	3.786	0	0	0	0	0	0	0	0	0	0	0	0	0	0	0	17	0	0	0	0	0	0	0	0	0	0	0	0	0	0	0	0	0	0	0	0	0	0	0	0	0	0	0	0	0	0	0	0	0	0	
10/03/2022 11:41:41	0	0	6	15.03	15.03	1.2	2245	734	3.789	3.7897	17	0	False	4.19	4.178333	4.178333	4.2	0.8401	0	3.819	3.822	68.7	-0.034	3.789	0	0	0	0	0	0	0	0	0	0	0	0	0	0	0	17	0	0	0	0	0	0	0	0	0	0	0	0	0	0	0	0	0	0	0	0	0	0	0	0	0	0	0	0	0	0	0	0	0	0	
10/03/2022 11:41:51	0	0	6	15.03	15.03	1.2	2249	744	3.791	3.7922	17.1	0	False	4.186666	4.188334	4.27	4.2	0.8517	0	3.819	3.83	68.9	-0.034	3.791	0	0	0	0	0	0	0	0	0	0	0	0	0	0	0	17.1	0	0	0	0	0	0	0	0	0	0	0	0	0	0	0	0	0	0	0	0	0	0	0	0	0	0	0	0	0	0	0	0	0	0	
10/03/2022 11:42:01	0	0	6	15.03	15.03	1.2	2249	754	3.794	3.795	17	0	False	4.196667	4.196667	4.19	4.2	0.8634	0	3.83	3.83	69	-0.034	3.794	0	0	0	0	0	0	0	0	0	0	0	0	0	0	0	17	0	0	0	0	0	0	0	0	0	0	0	0	0	0	0	0	0	0	0	0	0	0	0	0	0	0	0	0	0	0	0	0	0	0	
10/03/2022 11:42:11	0	0	6	15.03	15.03	1.2	2253	764	3.796	3.7972	16.9	0	False	4.183333	4.201667	4.288333	4.2	0.875	0	3.83	3.83	69.2	-0.034	3.796	0	0	0	0	0	0	0	0	0	0	0	0	0	0	0	16.9	0	0	0	0	0	0	0	0	0	0	0	0	0	0	0	0	0	0	0	0	0	0	0	0	0	0	0	0	0	0	0	0	0	0	
10/03/2022 11:42:21	0	0	6	15.03	15.03	1.2	2253	774	3.799	3.8008	16.8	0	False	4.186666	4.211667	4.211667	4.2	0.8867	0	3.83	3.832	69.2	-0.034	3.799	0	0	0	0	0	0	0	0	0	0	0	0	0	0	0	16.8	0	0	0	0	0	0	0	0	0	0	0	0	0	0	0	0	0	0	0	0	0	0	0	0	0	0	0	0	0	0	0	0	0	0	
10/03/2022 11:42:31	0	0	6	15.03	15.03	1.2	2253	784	3.803	3.8034	17	0	False	4.193333	4.191667	4.21	4.2	0.8984	0	3.83	3.842	69.4	-0.034	3.803	0	0	0	0	0	0	0	0	0	0	0	0	0	0	0	17	0	0	0	0	0	0	0	0	0	0	0	0	0	0	0	0	0	0	0	0	0	0	0	0	0	0	0	0	0	0	0	0	0	0	
10/03/2022 11:42:41	0	0	6	15.03	15.03	1.2	2255	794	3.805	3.8061	16.8	0	False	4.188334	4.178333	4.128334	4.2	0.91	0	3.842	3.842	69.6	-0.034	3.805	0	0	0	0	0	0	0	0	0	0	0	0	0	0	0	16.8	0	0	0	0	0	0	0	0	0	0	0	0	0	0	0	0	0	0	0	0	0	0	0	0	0	0	0	0	0	0	0	0	0	0	
10/03/2022 11:42:51	0	0	6	15.03	15.03	1.2	2259	804	3.809	3.81	16.9	0	False	4.198333	4.21	4.205	4.2	0.9217	0	3.842	3.842	69.7	-0.034	3.809	0	0	0	0	0	0	0	0	0	0	0	0	0	0	0	16.9	0	0	0	0	0	0	0	0	0	0	0	0	0	0	0	0	0	0	0	0	0	0	0	0	0	0	0	0	0	0	0	0	0	0	
10/03/2022 11:43:01	0	0	6	15.03	15.03	1.2	2259	814	3.812	3.8134	16.7	0	False	4.191667	4.16	4.14	4.2	0.9344	0	3.842	3.845	69.9	-0.046	3.812	0	0	0	0	0	0	0	0	0	0	0	0	0	0	0	16.7	0	0	0	0	0	0	0	0	0	0	0	0	0	0	0	0	0	0	0	0	0	0	0	0	0	0	0	0	0	0	0	0	0	0	
10/03/2022 11:43:11	0	0	6	15.02	15.03	1.2	2261	825	3.815	3.8159	16.6	0	False	4.188334	4.21	4.216667	4.2	0.9461	0	3.842	3.853	70.1	-0.023	3.815	0	0	0	0	0	0	0	0	0	0	0	0	0	0	0	16.6	0	0	0	0	0	0	0	0	0	0	0	0	0	0	0	0	0	0	0	0	0	0	0	0	0	0	0	0	0	0	0	0	0	0	
10/03/2022 11:43:21	0	0	6	15.03	15.03	1.2	2263	835	3.818	3.8189	16.6	0	False	4.198333	4.19	4.211667	4.2	0.9578	0	3.853	3.853	70.2	-0.023	3.818	0	0	0	0	0	0	0	0	0	0	0	0	0	0	0	16.6	0	0	0	0	0	0	0	0	0	0	0	0	0	0	0	0	0	0	0	0	0	0	0	0	0	0	0	0	0	0	0	0	0	0	
10/03/2022 11:43:31	0	0	6	15.03	15.03	1.2	2265	845	3.821	3.8222	16.5	0	False	4.195	4.223333	4.235	4.2	0.9694	0	3.853	3.853	70.3	-0.034	3.821	0	0	0	0	0	0	0	0	0	0	0	0	0	0	0	16.5	0	0	0	0	0	0	0	0	0	0	0	0	0	0	0	0	0	0	0	0	0	0	0	0	0	0	0	0	0	0	0	0	0	0	
10/03/2022 11:43:41	0	0	6	15.03	15.03	1.2	2265	855	3.824	3.8247	16.3	0	False	4.2	4.2	4.218333	4.2	0.9811	0	3.853	3.854	70.6	-0.034	3.824	0	0	0	0	0	0	0	0	0	0	0	0	0	0	0	16.3	0	0	0	0	0	0	0	0	0	0	0	0	0	0	0	0	0	0	0	0	0	0	0	0	0	0	0	0	0	0	0	0	0	0	
10/03/2022 11:43:52	0	0	6	15.03	15.03	1.2	2269	865	3.826	3.8272	16.4	0	False	4.186666	4.178333	4.178333	4.2	0.9927	0	3.853	3.865	70.7	-0.034	3.826	0	0	0	0	0	0	0	0	0	0	0	0	0	0	0	16.4	0	0	0	0	0	0	0	0	0	0	0	0	0	0	0	0	0	0	0	0	0	0	0	0	0	0	0	0	0	0	0	0	0	0	
10/03/2022 11:44:02	0	0	6	15.03	15.03	1.2	2267	875	3.83	3.8309	16.5	0	False	4.196667	4.238333	4.25	4.2	1.0044	0	3.865	3.865	70.7	-0.023	3.83	0	0	0	0	0	0	0	0	0	0	0	0	0	0	0	16.5	0	0	0	0	0	0	0	0	0	0	0	0	0	0	0	0	0	0	0	0	0	0	0	0	0	0	0	0	0	0	0	0	0	0	
10/03/2022 11:44:12	0	0	6	15.03	15.03	1.2	2273	885	3.833	3.8334	16.5	0	False	4.196667	4.185	4.185	4.2	1.0161	0	3.865	3.865	70.9	-0.034	3.833	0	0	0	0	0	0	0	0	0	0	0	0	0	0	0	16.5	0	0	0	0	0	0	0	0	0	0	0	0	0	0	0	0	0	0	0	0	0	0	0	0	0	0	0	0	0	0	0	0	0	0	
10/03/2022 11:44:22	0	0	6	15.03	15.03	1.2	2271	895	3.835	3.8361	16.3	0	False	4.19	4.198333	4.258333	4.2	1.0278	0	3.865	3.875	71.1	-0.034	3.835	0	0	0	0	0	0	0	0	0	0	0	0	0	0	0	16.3	0	0	0	0	0	0	0	0	0	0	0	0	0	0	0	0	0	0	0	0	0	0	0	0	0	0	0	0	0	0	0	0	0	0	
10/03/2022 11:44:32	0	0	6	15.03	15.03	1.2	2271	905	3.838	3.8387	16.3	0	False	4.2	4.211667	4.2	4.2	1.0395	0	3.876	3.876	71.2	-0.023	3.838	0	0	0	0	0	0	0	0	0	0	0	0	0	0	0	16.3	0	0	0	0	0	0	0	0	0	0	0	0	0	0	0	0	0	0	0	0	0	0	0	0	0	0	0	0	0	0	0	0	0	0	
10/03/2022 11:44:42	0	0	6	15.03	15.03	1.2	2277	915	3.841	3.8422	16.3	0	False	4.195	4.191667	4.178333	4.2	1.0511	0	3.876	3.876	71.3	-0.034	3.841	0	0	0	0	0	0	0	0	0	0	0	0	0	0	0	16.3	0	0	0	0	0	0	0	0	0	0	0	0	0	0	0	0	0	0	0	0	0	0	0	0	0	0	0	0	0	0	0	0	0	0	
10/03/2022 11:44:52	0	0	6	15.03	15.03	1.2	2275	925	3.844	3.8447	16.5	0	False	4.191667	4.206666	4.266667	4.2	1.0628	0	3.876	3.876	71.5	-0.034	3.844	0	0	0	0	0	0	0	0	0	0	0	0	0	0	0	16.5	0	0	0	0	0	0	0	0	0	0	0	0	0	0	0	0	0	0	0	0	0	0	0	0	0	0	0	0	0	0	0	0	0	0	
10/03/2022 11:45:02	0	0	6	15.03	15.03	1.2	2275	935	3.847	3.8472	16.4	0	False	4.198333	4.2	4.103333	4.2	1.0745	0	3.876	3.881	71.6	-0.034	3.847	0	0	0	0	0	0	0	0	0	0	0	0	0	0	0	16.4	0	0	0	0	0	0	0	0	0	0	0	0	0	0	0	0	0	0	0	0	0	0	0	0	0	0	0	0	0	0	0	0	0	0	
10/03/2022 11:45:12	0	0	6	15.03	15.03	1.2	2281	945	3.849	3.8498	16.5	0	False	4.188334	4.168334	4.276667	4.2	1.0861	0	3.888	3.888	71.8	-0.034	3.849	0	0	0	0	0	0	0	0	0	0	0	0	0	0	0	16.5	0	0	0	0	0	0	0	0	0	0	0	0	0	0	0	0	0	0	0	0	0	0	0	0	0	0	0	0	0	0	0	0	0	0	
10/03/2022 11:45:22	0	0	6	15.03	15.03	1.2	2281	955	3.852	3.8534	16.6	0	False	4.195	4.211667	4.223333	4.2	1.0978	0	3.888	3.888	71.8	-0.034	3.852	0	0	0	0	0	0	0	0	0	0	0	0	0	0	0	16.6	0	0	0	0	0	0	0	0	0	0	0	0	0	0	0	0	0	0	0	0	0	0	0	0	0	0	0	0	0	0	0	0	0	0	
10/03/2022 11:45:32	0	0	6	15.03	15.03	1.2	2283	965	3.855	3.8559	16.5	0	False	4.191667	4.188334	4.321667	4.2	1.1094	0	3.888	3.888	72.1	-0.034	3.855	0	0	0	0	0	0	0	0	0	0	0	0	0	0	0	16.5	0	0	0	0	0	0	0	0	0	0	0	0	0	0	0	0	0	0	0	0	0	0	0	0	0	0	0	0	0	0	0	0	0	0	
10/03/2022 11:45:42	0	0	6	15.03	15.03	1.2	2285	975	3.858	3.8584	16.4	0	False	4.181667	4.176667	4.263333	4.2	1.121	0	3.888	3.899	72.2	-0.034	3.858	0	0	0	0	0	0	0	0	0	0	0	0	0	0	0	16.4	0	0	0	0	0	0	0	0	0	0	0	0	0	0	0	0	0	0	0	0	0	0	0	0	0	0	0	0	0	0	0	0	0	0	
10/03/2022 11:45:52	0	0	6	15.03	15.03	1.2	2285	985	3.86	3.8609	16.4	0	False	4.195	4.205	4.205	4.2	1.1328	0	3.899	3.899	72.3	-0.034	3.86	0	0	0	0	0	0	0	0	0	0	0	0	0	0	0	16.4	0	0	0	0	0	0	0	0	0	0	0	0	0	0	0	0	0	0	0	0	0	0	0	0	0	0	0	0	0	0	0	0	0	0	
10/03/2022 11:46:03	0	0	6	15.03	15.03	1.2	2289	995	3.863	3.8634	16.4	0	False	4.185	4.178333	4.295	4.2	1.1444	0	3.899	3.899	72.5	-0.034	3.863	0	0	0	0	0	0	0	0	0	0	0	0	0	0	0	16.4	0	0	0	0	0	0	0	0	0	0	0	0	0	0	0	0	0	0	0	0	0	0	0	0	0	0	0	0	0	0	0	0	0	0	
10/03/2022 11:46:13	0	0	6	15.03	15.03	1.2	2287	1005	3.865	3.8664	16.3	0	False	4.195	4.221667	4.113333	4.2	1.1561	0	3.899	3.9	72.6	-0.023	3.865	0	0	0	0	0	0	0	0	0	0	0	0	0	0	0	16.3	0	0	0	0	0	0	0	0	0	0	0	0	0	0	0	0	0	0	0	0	0	0	0	0	0	0	0	0	0	0	0	0	0	0	
10/03/2022 11:46:23	0	0	6	15.03	15.03	1.2	2291	1015	3.868	3.8694	16.4	0	False	4.2	4.188334	4.186666	4.2	1.1678	0	3.91	3.908	72.7	-0.034	3.868	0	0	0	0	0	0	0	0	0	0	0	0	0	0	0	16.4	0	0	0	0	0	0	0	0	0	0	0	0	0	0	0	0	0	0	0	0	0	0	0	0	0	0	0	0	0	0	0	0	0	0	
10/03/2022 11:46:33	0	0	6	15.03	15.03	1.2	2293	1025	3.872	3.8722	16.4	0	False	4.186666	4.163333	4.25	4.2	1.1793	0	3.91	3.91	72.8	-0.034	3.872	0	0	0	0	0	0	0	0	0	0	0	0	0	0	0	16.4	0	0	0	0	0	0	0	0	0	0	0	0	0	0	0	0	0	0	0	0	0	0	0	0	0	0	0	0	0	0	0	0	0	0	
10/03/2022 11:46:43	0	0	6	15.03	15.03	1.2	2293	1035	3.874	3.8749	16.4	0	False	4.188334	4.215	4.211667	4.2	1.191	0	3.91	3.91	73	-0.034	3.874	0	0	0	0	0	0	0	0	0	0	0	0	0	0	0	16.4	0	0	0	0	0	0	0	0	0	0	0	0	0	0	0	0	0	0	0	0	0	0	0	0	0	0	0	0	0	0	0	0	0	0	
10/03/2022 11:46:53	0	0	6	15.03	15.03	1.2	2295	1045	3.877	3.8774	16.3	0	False	4.195	4.185	4.19	4.2	1.2026	0	3.91	3.91	73.2	-0.034	3.877	0	0	0	0	0	0	0	0	0	0	0	0	0	0	0	16.3	0	0	0	0	0	0	0	0	0	0	0	0	0	0	0	0	0	0	0	0	0	0	0	0	0	0	0	0	0	0	0	0	0	0	
10/03/2022 11:47:03	0	0	6	15.03	15.03	1.2	2295	1055	3.879	3.8797	16.5	0	False	4.188334	4.188334	4.13	4.2	1.2143	0	3.91	3.91	73.2	-0.034	3.879	0	0	0	0	0	0	0	0	0	0	0	0	0	0	0	16.5	0	0	0	0	0	0	0	0	0	0	0	0	0	0	0	0	0	0	0	0	0	0	0	0	0	0	0	0	0	0	0	0	0	0	
10/03/2022 11:47:13	0	0	6	15.03	15.03	1.2	2297	1065	3.882	3.8822	16.4	0	False	4.195	4.205	4.185	4.2	1.226	0	3.91	3.915	73.3	-0.034	3.882	0	0	0	0	0	0	0	0	0	0	0	0	0	0	0	16.4	0	0	0	0	0	0	0	0	0	0	0	0	0	0	0	0	0	0	0	0	0	0	0	0	0	0	0	0	0	0	0	0	0	0	
10/03/2022 11:47:23	0	0	6	15.03	15.03	1.2	2299	1075	3.884	3.885	16.6	0	False	4.188334	4.181667	4.146667	4.2	1.2376	0	3.91	3.922	73.6	-0.023	3.884	0	0	0	0	0	0	0	0	0	0	0	0	0	0	0	16.6	0	0	0	0	0	0	0	0	0	0	0	0	0	0	0	0	0	0	0	0	0	0	0	0	0	0	0	0	0	0	0	0	0	0	
10/03/2022 11:47:33	0	0	6	15.03	15.03	1.2	2299	1085	3.887	3.888	16.5	0	False	4.185	4.19	4.113333	4.2	1.2493	0	3.91	3.922	73.6	-0.034	3.887	0	0	0	0	0	0	0	0	0	0	0	0	0	0	0	16.5	0	0	0	0	0	0	0	0	0	0	0	0	0	0	0	0	0	0	0	0	0	0	0	0	0	0	0	0	0	0	0	0	0	0	
10/03/2022 11:47:43	0	0	6	15.03	15.03	1.2	2301	1095	3.89	3.8909	16.3	0	False	4.195	4.198333	4.218333	4.2	1.2609	0	3.922	3.922	73.7	-0.034	3.89	0	0	0	0	0	0	0	0	0	0	0	0	0	0	0	16.3	0	0	0	0	0	0	0	0	0	0	0	0	0	0	0	0	0	0	0	0	0	0	0	0	0	0	0	0	0	0	0	0	0	0	
10/03/2022 11:47:53	0	0	6	15.03	15.03	1.2	2303	1105	3.893	3.8935	16.5	0	False	4.181667	4.18	4.173333	4.2	1.2726	0	3.922	3.925	73.9	-0.034	3.893	0	0	0	0	0	0	0	0	0	0	0	0	0	0	0	16.5	0	0	0	0	0	0	0	0	0	0	0	0	0	0	0	0	0	0	0	0	0	0	0	0	0	0	0	0	0	0	0	0	0	0	
10/03/2022 11:48:03	0	0	6	15.03	15.03	1.2	2305	1115	3.895	3.896	16.6	0	False	4.178333	4.186666	4.245	4.2	1.2842	0	3.933	3.933	74.1	-0.034	3.895	0	0	0	0	0	0	0	0	0	0	0	0	0	0	0	16.6	0	0	0	0	0	0	0	0	0	0	0	0	0	0	0	0	0	0	0	0	0	0	0	0	0	0	0	0	0	0	0	0	0	0	
10/03/2022 11:48:14	0	0	6	15.03	15.03	1.2	2307	1125	3.898	3.8985	16.6	0	False	4.19	4.185	4.185	4.2	1.2959	0	3.933	3.933	74.2	-0.034	3.898	0	0	0	0	0	0	0	0	0	0	0	0	0	0	0	16.6	0	0	0	0	0	0	0	0	0	0	0	0	0	0	0	0	0	0	0	0	0	0	0	0	0	0	0	0	0	0	0	0	0	0	
10/03/2022 11:48:24	0	0	6	15.03	15.03	1.2	2307	1135	3.9	3.901	16.5	0	False	4.181667	4.183333	4.163333	4.2	1.3075	0	3.933	3.933	74.3	-0.034	3.9	0	0	0	0	0	0	0	0	0	0	0	0	0	0	0	16.5	0	0	0	0	0	0	0	0	0	0	0	0	0	0	0	0	0	0	0	0	0	0	0	0	0	0	0	0	0	0	0	0	0	0	
10/03/2022 11:48:34	0	0	6	15.03	15.03	1.2	2309	1145	3.903	3.9035	16.4	0	False	4.178333	4.19	4.25	4.2	1.3192	0	3.933	3.945	74.5	-0.046	3.903	0	0	0	0	0	0	0	0	0	0	0	0	0	0	0	16.4	0	0	0	0	0	0	0	0	0	0	0	0	0	0	0	0	0	0	0	0	0	0	0	0	0	0	0	0	0	0	0	0	0	0	
10/03/2022 11:48:44	0	0	6	15.03	15.03	1.2	2309	1155	3.905	3.906	16.5	0	False	4.188334	4.193333	4.161667	4.2	1.3309	0	3.933	3.945	74.6	-0.046	3.905	0	0	0	0	0	0	0	0	0	0	0	0	0	0	0	16.5	0	0	0	0	0	0	0	0	0	0	0	0	0	0	0	0	0	0	0	0	0	0	0	0	0	0	0	0	0	0	0	0	0	0	
10/03/2022 11:48:54	0	0	6	15.03	15.03	1.2	2313	1165	3.908	3.9086	16.5	0	False	4.181667	4.181667	4.245	4.2	1.3425	0	3.945	3.945	74.7	-0.023	3.908	0	0	0	0	0	0	0	0	0	0	0	0	0	0	0	16.5	0	0	0	0	0	0	0	0	0	0	0	0	0	0	0	0	0	0	0	0	0	0	0	0	0	0	0	0	0	0	0	0	0	0	
10/03/2022 11:49:04	0	0	6	15.03	15.03	1.2	2313	1175	3.91	3.911	16.5	0	False	4.193333	4.216667	4.24	4.2	1.3542	0	3.945	3.945	74.8	-0.034	3.91	0	0	0	0	0	0	0	0	0	0	0	0	0	0	0	16.5	0	0	0	0	0	0	0	0	0	0	0	0	0	0	0	0	0	0	0	0	0	0	0	0	0	0	0	0	0	0	0	0	0	0	
10/03/2022 11:49:14	0	0	6	15.03	15.03	1.2	2313	1183	3.913	3.9135	16.4	0	False	4.196667	4.188334	4.186666	4.2	1.3635	0	3.945	3.948	74.9	-0.034	3.913	0	0	0	0	0	0	0	0	0	0	0	0	0	0	0	16.4	0	0	0	0	0	0	0	0	0	0	0	0	0	0	0	0	0	0	0	0	0	0	0	0	0	0	0	0	0	0	0	0	0	0	
10/03/2022 11:49:24	0	0	6	15.03	15.03	1.2	2317	1195	3.915	3.916	16.5	0	False	4.183333	4.19	4.235	4.2	1.3774	0	3.945	3.956	75.1	-0.046	3.915	0	0	0	0	0	0	0	0	0	0	0	0	0	0	0	16.5	0	0	0	0	0	0	0	0	0	0	0	0	0	0	0	0	0	0	0	0	0	0	0	0	0	0	0	0	0	0	0	0	0	0	
10/03/2022 11:49:34	0	0	6	15.03	15.03	1.2	2319	1205	3.918	3.9185	16.4	0	False	4.193333	4.205	4.205	4.2	1.3891	0	3.956	3.956	75.2	-0.034	3.918	0	0	0	0	0	0	0	0	0	0	0	0	0	0	0	16.4	0	0	0	0	0	0	0	0	0	0	0	0	0	0	0	0	0	0	0	0	0	0	0	0	0	0	0	0	0	0	0	0	0	0	
10/03/2022 11:49:44	0	0	6	15.03	15.03	1.2	2319	1215	3.92	3.921	16.4	0	False	4.19	4.185	4.168334	4.2	1.4007	0	3.956	3.956	75.3	-0.034	3.92	0	0	0	0	0	0	0	0	0	0	0	0	0	0	0	16.4	0	0	0	0	0	0	0	0	0	0	0	0	0	0	0	0	0	0	0	0	0	0	0	0	0	0	0	0	0	0	0	0	0	0	
10/03/2022 11:49:54	0	0	6	15.03	15.03	1.2	2319	1225	3.923	3.9235	16.4	0	False	4.183333	4.196667	4.113333	4.2	1.4124	0	3.956	3.956	75.5	-0.034	3.923	0	0	0	0	0	0	0	0	0	0	0	0	0	0	0	16.4	0	0	0	0	0	0	0	0	0	0	0	0	0	0	0	0	0	0	0	0	0	0	0	0	0	0	0	0	0	0	0	0	0	0	
10/03/2022 11:50:04	0	0	6	15.03	15.03	1.2	2321	1235	3.925	3.926	16.4	0	False	4.19	4.213333	4.2	4.2	1.424	0	3.956	3.962	75.6	-0.034	3.925	0	0	0	0	0	0	0	0	0	0	0	0	0	0	0	16.4	0	0	0	0	0	0	0	0	0	0	0	0	0	0	0	0	0	0	0	0	0	0	0	0	0	0	0	0	0	0	0	0	0	0	
10/03/2022 11:50:15	0	0	6	15.03	15.03	1.2	2321	1245	3.927	3.9285	16.4	0	False	4.193333	4.183333	4.155	4.2	1.4357	0	3.956	3.968	75.7	-0.034	3.927	0	0	0	0	0	0	0	0	0	0	0	0	0	0	0	16.4	0	0	0	0	0	0	0	0	0	0	0	0	0	0	0	0	0	0	0	0	0	0	0	0	0	0	0	0	0	0	0	0	0	0	
10/03/2022 11:50:25	0	0	6	15.03	15.03	1.2	2323	1255	3.929	3.9302	16.5	0	False	4.19	4.195	4.175	4.2	1.4473	0	3.968	3.968	75.8	-0.034	3.929	0	0	0	0	0	0	0	0	0	0	0	0	0	0	0	16.5	0	0	0	0	0	0	0	0	0	0	0	0	0	0	0	0	0	0	0	0	0	0	0	0	0	0	0	0	0	0	0	0	0	0	
10/03/2022 11:50:35	0	0	6	15.03	15.03	1.2	2327	1265	3.932	3.9322	16.5	0	False	4.193333	4.188334	4.096667	4.2	1.459	0	3.968	3.968	75.8	-0.034	3.932	0	0	0	0	0	0	0	0	0	0	0	0	0	0	0	16.5	0	0	0	0	0	0	0	0	0	0	0	0	0	0	0	0	0	0	0	0	0	0	0	0	0	0	0	0	0	0	0	0	0	0	
10/03/2022 11:50:45	0	0	6	15.03	15.03	1.2	2329	1276	3.934	3.9347	16.4	0	False	4.193333	4.183333	4.276667	4.2	1.4718	0	3.968	3.968	76	-0.034	3.934	0	0	0	0	0	0	0	0	0	0	0	0	0	0	0	16.4	0	0	0	0	0	0	0	0	0	0	0	0	0	0	0	0	0	0	0	0	0	0	0	0	0	0	0	0	0	0	0	0	0	0	
10/03/2022 11:50:55	0	0	6	15.03	15.03	1.2	2327	1286	3.937	3.9372	16.5	0	False	4.183333	4.191667	4.245	4.2	1.4834	0	3.968	3.97	76.1	-0.034	3.937	0	0	0	0	0	0	0	0	0	0	0	0	0	0	0	16.5	0	0	0	0	0	0	0	0	0	0	0	0	0	0	0	0	0	0	0	0	0	0	0	0	0	0	0	0	0	0	0	0	0	0	
10/03/2022 11:51:05	0	0	6	15.03	15.03	1.2	2331	1296	3.938	3.9391	16.5	0	False	4.186666	4.17	4.09	4.2	1.4951	0	3.968	3.979	76.2	-0.034	3.938	0	0	0	0	0	0	0	0	0	0	0	0	0	0	0	16.5	0	0	0	0	0	0	0	0	0	0	0	0	0	0	0	0	0	0	0	0	0	0	0	0	0	0	0	0	0	0	0	0	0	0	
10/03/2022 11:51:15	0	0	6	15.03	15.03	1.2	2333	1306	3.94	3.9413	16.4	0	False	4.196667	4.183333	4.211667	4.2	1.5068	0	3.968	3.979	76.3	-0.046	3.94	0	0	0	0	0	0	0	0	0	0	0	0	0	0	0	16.4	0	0	0	0	0	0	0	0	0	0	0	0	0	0	0	0	0	0	0	0	0	0	0	0	0	0	0	0	0	0	0	0	0	0	
10/03/2022 11:51:25	0	0	6	15.03	15.03	1.2	2333	1316	3.944	3.9449	16.4	0	False	4.183333	4.17	4.155	4.2	1.5184	0	3.979	3.979	76.6	-0.034	3.944	0	0	0	0	0	0	0	0	0	0	0	0	0	0	0	16.4	0	0	0	0	0	0	0	0	0	0	0	0	0	0	0	0	0	0	0	0	0	0	0	0	0	0	0	0	0	0	0	0	0	0	
10/03/2022 11:51:35	0	0	6	15.03	15.03	1.2	2331	1326	3.947	3.9472	16.4	0	False	4.183333	4.208333	4.228333	4.2	1.53	0	3.979	3.979	76.6	-0.034	3.947	0	0	0	0	0	0	0	0	0	0	0	0	0	0	0	16.4	0	0	0	0	0	0	0	0	0	0	0	0	0	0	0	0	0	0	0	0	0	0	0	0	0	0	0	0	0	0	0	0	0	0	
10/03/2022 11:51:46	0	0	6	15.03	15.03	1.2	2331	1336	3.949	3.9497	16	0	False	4.196667	4.208333	4.205	4.2	1.5417	0	3.979	3.979	76.7	-0.034	3.949	0	0	0	0	0	0	0	0	0	0	0	0	0	0	0	16	0	0	0	0	0	0	0	0	0	0	0	0	0	0	0	0	0	0	0	0	0	0	0	0	0	0	0	0	0	0	0	0	0	0	
10/03/2022 11:51:56	0	0	6	15.03	15.03	1.2	2337	1346	3.95	3.951	16.1	0	False	4.183333	4.176667	4.185	4.2	1.5533	0	3.979	3.989	76.8	-0.034	3.95	0	0	0	0	0	0	0	0	0	0	0	0	0	0	0	16.1	0	0	0	0	0	0	0	0	0	0	0	0	0	0	0	0	0	0	0	0	0	0	0	0	0	0	0	0	0	0	0	0	0	0	
10/03/2022 11:52:06	0	0	6	15.03	15.03	1.2	2337	1355	3.953	3.9535	16	0	False	4.175	4.166667	4.128334	4.2	1.5638	0	3.991	3.991	77	-0.046	3.953	0	0	0	0	0	0	0	0	0	0	0	0	0	0	0	16	0	0	0	0	0	0	0	0	0	0	0	0	0	0	0	0	0	0	0	0	0	0	0	0	0	0	0	0	0	0	0	0	0	0	
10/03/2022 11:52:16	0	0	6	15.03	15.03	1.2	2337	1366	3.955	3.956	16	0	False	4.186666	4.215	4.235	4.2	1.5767	0	3.991	3.991	77.1	-0.034	3.955	0	0	0	0	0	0	0	0	0	0	0	0	0	0	0	16	0	0	0	0	0	0	0	0	0	0	0	0	0	0	0	0	0	0	0	0	0	0	0	0	0	0	0	0	0	0	0	0	0	0	
10/03/2022 11:52:26	0	0	6	15.03	15.03	1.2	2339	1376	3.957	3.9575	16.1	0	False	4.195	4.198333	4.196667	4.2	1.5883	0	3.991	3.994	77.2	-0.034	3.957	0	0	0	0	0	0	0	0	0	0	0	0	0	0	0	16.1	0	0	0	0	0	0	0	0	0	0	0	0	0	0	0	0	0	0	0	0	0	0	0	0	0	0	0	0	0	0	0	0	0	0	
10/03/2022 11:52:36	0	0	6	15.03	15.03	1.2	2341	1386	3.959	3.9602	16	0	False	4.185	4.205	4.295	4.2	1.6	0	3.991	4.002	77.2	-0.046	3.959	0	0	0	0	0	0	0	0	0	0	0	0	0	0	0	16	0	0	0	0	0	0	0	0	0	0	0	0	0	0	0	0	0	0	0	0	0	0	0	0	0	0	0	0	0	0	0	0	0	0	
10/03/2022 11:52:46	0	0	6	15.03	15.03	1.2	2341	1396	3.962	3.9622	15.9	0	False	4.19	4.213333	4.255	4.2	1.6116	0	4.002	4.002	77.3	-0.034	3.962	0	0	0	0	0	0	0	0	0	0	0	0	0	0	0	15.9	0	0	0	0	0	0	0	0	0	0	0	0	0	0	0	0	0	0	0	0	0	0	0	0	0	0	0	0	0	0	0	0	0	0	
10/03/2022 11:52:56	0	0	6	15.03	15.03	1.2	2343	1406	3.964	3.9647	16.1	0	False	4.196667	4.193333	4.2	4.2	1.6233	0	4.002	4.002	77.5	-0.046	3.964	0	0	0	0	0	0	0	0	0	0	0	0	0	0	0	16.1	0	0	0	0	0	0	0	0	0	0	0	0	0	0	0	0	0	0	0	0	0	0	0	0	0	0	0	0	0	0	0	0	0	0	
10/03/2022 11:53:06	0	0	6	15.03	15.03	1.2	2343	1416	3.965	3.966	16.1	0	False	4.183333	4.175	4.168334	4.2	1.6349	0	3.991	4.002	77.6	-0.034	3.965	0	0	0	0	0	0	0	0	0	0	0	0	0	0	0	16.1	0	0	0	0	0	0	0	0	0	0	0	0	0	0	0	0	0	0	0	0	0	0	0	0	0	0	0	0	0	0	0	0	0	0	
10/03/2022 11:53:16	0	0	6	15.03	15.03	1.2	2345	1426	3.968	3.9685	16.1	0	False	4.18	4.205	4.273334	4.2	1.6466	0	4.002	4.004	77.7	-0.034	3.968	0	0	0	0	0	0	0	0	0	0	0	0	0	0	0	16.1	0	0	0	0	0	0	0	0	0	0	0	0	0	0	0	0	0	0	0	0	0	0	0	0	0	0	0	0	0	0	0	0	0	0	
10/03/2022 11:53:26	0	0	6	15.03	15.03	1.2	2345	1436	3.97	3.971	16.2	0	False	4.196667	4.206666	4.223333	4.2	1.6583	0	4.002	4.007	77.8	-0.034	3.97	0	0	0	0	0	0	0	0	0	0	0	0	0	0	0	16.2	0	0	0	0	0	0	0	0	0	0	0	0	0	0	0	0	0	0	0	0	0	0	0	0	0	0	0	0	0	0	0	0	0	0	
10/03/2022 11:53:36	0	0	6	15.03	15.03	1.2	2349	1446	3.972	3.9732	16.1	0	False	4.19	4.181667	4.161667	4.2	1.6699	0	4.002	4.014	77.9	-0.034	3.972	0	0	0	0	0	0	0	0	0	0	0	0	0	0	0	16.1	0	0	0	0	0	0	0	0	0	0	0	0	0	0	0	0	0	0	0	0	0	0	0	0	0	0	0	0	0	0	0	0	0	0	
10/03/2022 11:53:46	0	0	6	15.03	15.03	1.2	2347	1456	3.974	3.9749	16	0	False	4.183333	4.168334	4.168334	4.2	1.6815	0	4.014	4.014	78.1	-0.034	3.974	0	0	0	0	0	0	0	0	0	0	0	0	0	0	0	16	0	0	0	0	0	0	0	0	0	0	0	0	0	0	0	0	0	0	0	0	0	0	0	0	0	0	0	0	0	0	0	0	0	0	
10/03/2022 11:53:56	0	0	6	15.03	15.03	1.2	2349	1466	3.977	3.9772	16	0	False	4.196667	4.205	4.2	4.2	1.6932	0	4.014	4.014	78.1	-0.034	3.977	0	0	0	0	0	0	0	0	0	0	0	0	0	0	0	16	0	0	0	0	0	0	0	0	0	0	0	0	0	0	0	0	0	0	0	0	0	0	0	0	0	0	0	0	0	0	0	0	0	0	
10/03/2022 11:54:06	0	0	6	15.03	15.03	1.2	2351	1475	3.979	3.9797	16.1	0	False	4.191667	4.176667	4.173333	4.2	1.7049	0	4.014	4.014	78.3	-0.034	3.979	0	0	0	0	0	0	0	0	0	0	0	0	0	0	0	16.1	0	0	0	0	0	0	0	0	0	0	0	0	0	0	0	0	0	0	0	0	0	0	0	0	0	0	0	0	0	0	0	0	0	0	
10/03/2022 11:54:16	0	0	6	15.03	15.03	1.3	2353	1485	3.982	3.9822	16.1	0	False	4.186666	4.211667	4.273334	4.2	1.7153	0	4.014	4.021	78.4	-0.034	3.982	0	0	0	0	0	0	0	0	0	0	0	0	0	0	0	16.1	0	0	0	0	0	0	0	0	0	0	0	0	0	0	0	0	0	0	0	0	0	0	0	0	0	0	0	0	0	0	0	0	0	0	
10/03/2022 11:54:26	0	0	6	15.03	15.03	1.2	2353	1495	3.984	3.9847	16.1	0	False	4.201667	4.218333	4.201667	4.2	1.727	0	4.014	4.025	78.5	-0.034	3.984	0	0	0	0	0	0	0	0	0	0	0	0	0	0	0	16.1	0	0	0	0	0	0	0	0	0	0	0	0	0	0	0	0	0	0	0	0	0	0	0	0	0	0	0	0	0	0	0	0	0	0	
10/03/2022 11:54:36	0	0	6	15.03	15.03	1.2	2355	1505	3.987	3.9872	16.1	0	False	4.195	4.183333	4.178333	4.2	1.7387	0	4.025	4.025	78.6	-0.034	3.987	0	0	0	0	0	0	0	0	0	0	0	0	0	0	0	16.1	0	0	0	0	0	0	0	0	0	0	0	0	0	0	0	0	0	0	0	0	0	0	0	0	0	0	0	0	0	0	0	0	0	0	
10/03/2022 11:54:46	0	0	6	15.03	15.03	1.2	2355	1515	3.989	3.9897	16	0	False	4.201667	4.208333	4.151667	4.2	1.7503	0	4.025	4.025	78.7	-0.034	3.989	0	0	0	0	0	0	0	0	0	0	0	0	0	0	0	16	0	0	0	0	0	0	0	0	0	0	0	0	0	0	0	0	0	0	0	0	0	0	0	0	0	0	0	0	0	0	0	0	0	0	
10/03/2022 11:54:57	0	0	6	15.03	15.03	1.2	2357	1525	3.992	3.9922	15.9	0	False	4.208333	4.211667	4.2	4.2	1.762	0	4.025	4.026	78.8	-0.034	3.992	0	0	0	0	0	0	0	0	0	0	0	0	0	0	0	15.9	0	0	0	0	0	0	0	0	0	0	0	0	0	0	0	0	0	0	0	0	0	0	0	0	0	0	0	0	0	0	0	0	0	0	
10/03/2022 11:55:07	0	0	6	15.03	15.03	1.2	2359	1531	3.993	3.9935	15.9	0	False	4.203333	4.188334	4.2	4.2	1.769	0	4.025	4.029	79	-0.034	3.993	0	0	0	0	0	0	0	0	0	0	0	0	0	0	0	15.9	0	0	0	0	0	0	0	0	0	0	0	0	0	0	0	0	0	0	0	0	0	0	0	0	0	0	0	0	0	0	0	0	0	0	
10/03/2022 11:55:17	0	0	6	15.03	15.03	1.2	2361	1545	3.997	3.9972	16	0	False	4.19	4.218333	4.223333	4.2	1.7853	0	4.025	4.037	79.1	-0.034	3.997	0	0	0	0	0	0	0	0	0	0	0	0	0	0	0	16	0	0	0	0	0	0	0	0	0	0	0	0	0	0	0	0	0	0	0	0	0	0	0	0	0	0	0	0	0	0	0	0	0	0	
10/03/2022 11:55:27	0	0	6	15.03	15.03	1.2	2361	1555	3.999	3.9997	16	0	False	4.2	4.191667	4.185	4.2	1.7969	0	4.037	4.037	79.3	-0.034	3.999	0	0	0	0	0	0	0	0	0	0	0	0	0	0	0	16	0	0	0	0	0	0	0	0	0	0	0	0	0	0	0	0	0	0	0	0	0	0	0	0	0	0	0	0	0	0	0	0	0	0	
10/03/2022 11:55:37	0	0	6	15.03	15.03	1.3	2365	1565	4.002	4.003	16	0	False	4.186666	4.195	4.245	4.2	1.8086	0	4.037	4.037	79.4	-0.034	4.002	0	0	0	0	0	0	0	0	0	0	0	0	0	0	0	16	0	0	0	0	0	0	0	0	0	0	0	0	0	0	0	0	0	0	0	0	0	0	0	0	0	0	0	0	0	0	0	0	0	0	
10/03/2022 11:55:47	0	0	6	15.03	15.03	1.3	2367	1575	4.005	4.006	15.9	0	False	4.193333	4.221667	4.218333	4.2	1.8202	0	4.037	4.041	79.5	-0.034	4.005	0	0	0	0	0	0	0	0	0	0	0	0	0	0	0	15.9	0	0	0	0	0	0	0	0	0	0	0	0	0	0	0	0	0	0	0	0	0	0	0	0	0	0	0	0	0	0	0	0	0	0	
10/03/2022 11:55:57	0	0	6	15.03	15.03	1.2	2367	1585	4.008	4.0085	15.8	0	False	4.186666	4.165	4.185	4.2	1.8319	0	4.037	4.048	79.7	-0.034	4.008	0	0	0	0	0	0	0	0	0	0	0	0	0	0	0	15.8	0	0	0	0	0	0	0	0	0	0	0	0	0	0	0	0	0	0	0	0	0	0	0	0	0	0	0	0	0	0	0	0	0	0	
10/03/2022 11:56:07	0	0	6	15.03	15.03	1.3	2371	1595	4.011	4.0122	16	0	False	4.176667	4.168334	4.223333	4.2	1.8434	0	4.048	4.049	79.8	-0.034	4.011	0	0	0	0	0	0	0	0	0	0	0	0	0	0	0	16	0	0	0	0	0	0	0	0	0	0	0	0	0	0	0	0	0	0	0	0	0	0	0	0	0	0	0	0	0	0	0	0	0	0	
10/03/2022 11:56:17	0	0	6	15.03	15.03	1.2	2371	1605	4.014	4.0147	15.9	0	False	4.19	4.185	4.205	4.2	1.8551	0	4.048	4.055	80.1	-0.034	4.014	0	0	0	0	0	0	0	0	0	0	0	0	0	0	0	15.9	0	0	0	0	0	0	0	0	0	0	0	0	0	0	0	0	0	0	0	0	0	0	0	0	0	0	0	0	0	0	0	0	0	0	
10/03/2022 11:56:27	0	0	6	15.03	15.03	1.2	2371	1615	4.017	4.0185	16	0	False	4.188334	4.198333	4.141667	4.2	1.8667	0	4.06	4.06	80.3	-0.046	4.017	0	0	0	0	0	0	0	0	0	0	0	0	0	0	0	16	0	0	0	0	0	0	0	0	0	0	0	0	0	0	0	0	0	0	0	0	0	0	0	0	0	0	0	0	0	0	0	0	0	0	
10/03/2022 11:56:37	0	0	6	15.03	15.03	1.2	2375	1625	4.021	4.0218	16	0	False	4.198333	4.203333	4.178333	4.2	1.8784	0	4.06	4.06	80.6	-0.046	4.021	0	0	0	0	0	0	0	0	0	0	0	0	0	0	0	16	0	0	0	0	0	0	0	0	0	0	0	0	0	0	0	0	0	0	0	0	0	0	0	0	0	0	0	0	0	0	0	0	0	0	
10/03/2022 11:56:47	0	0	6	15.03	15.03	1.3	2377	1635	4.024	4.0247	16.2	0	False	4.183333	4.196667	4.245	4.2	1.89	0	4.06	4.06	81.2	-0.034	4.024	0	0	0	0	0	0	0	0	0	0	0	0	0	0	0	16.2	0	0	0	0	0	0	0	0	0	0	0	0	0	0	0	0	0	0	0	0	0	0	0	0	0	0	0	0	0	0	0	0	0	0	
10/03/2022 11:56:57	0	0	6	15.03	15.03	1.3	2377	1645	4.028	4.0285	16.2	0	False	4.193333	4.205	4.205	4.2	1.9018	0	4.071	4.071	81.3	-0.046	4.028	0	0	0	0	0	0	0	0	0	0	0	0	0	0	0	16.2	0	0	0	0	0	0	0	0	0	0	0	0	0	0	0	0	0	0	0	0	0	0	0	0	0	0	0	0	0	0	0	0	0	0	
10/03/2022 11:57:07	0	0	6	15.03	15.03	1.2	2379	1655	4.03	4.031	16.2	0	False	4.186666	4.155	4.151667	4.2	1.9134	0	4.071	4.071	81.7	-0.046	4.03	0	0	0	0	0	0	0	0	0	0	0	0	0	0	0	16.2	0	0	0	0	0	0	0	0	0	0	0	0	0	0	0	0	0	0	0	0	0	0	0	0	0	0	0	0	0	0	0	0	0	0	
10/03/2022 11:57:17	0	0	6	15.03	15.03	1.3	2383	1665	4.034	4.0347	16.2	0	False	4.19	4.205	4.205	4.2	1.9251	0	4.071	4.071	82.1	-0.034	4.034	0	0	0	0	0	0	0	0	0	0	0	0	0	0	0	16.2	0	0	0	0	0	0	0	0	0	0	0	0	0	0	0	0	0	0	0	0	0	0	0	0	0	0	0	0	0	0	0	0	0	0	
10/03/2022 11:57:27	0	0	6	15.03	15.03	1.2	2381	1675	4.038	4.0385	16.1	0	False	4.186666	4.166667	4.155	4.2	1.9367	0	4.071	4.075	82.4	-0.034	4.038	0	0	0	0	0	0	0	0	0	0	0	0	0	0	0	16.1	0	0	0	0	0	0	0	0	0	0	0	0	0	0	0	0	0	0	0	0	0	0	0	0	0	0	0	0	0	0	0	0	0	0	
10/03/2022 11:57:38	0	0	6	15.03	15.03	1.3	2385	1685	4.042	4.0422	16.2	0	False	4.19	4.206666	4.228333	4.2	1.9484	0	4.082	4.082	82.6	-0.034	4.042	0	0	0	0	0	0	0	0	0	0	0	0	0	0	0	16.2	0	0	0	0	0	0	0	0	0	0	0	0	0	0	0	0	0	0	0	0	0	0	0	0	0	0	0	0	0	0	0	0	0	0	
10/03/2022 11:57:48	0	0	6	15.03	15.03	1.3	2387	1695	4.045	4.046	16.2	0	False	4.19	4.175	4.191667	4.2	1.9601	0	4.082	4.082	83.2	-0.034	4.045	0	0	0	0	0	0	0	0	0	0	0	0	0	0	0	16.2	0	0	0	0	0	0	0	0	0	0	0	0	0	0	0	0	0	0	0	0	0	0	0	0	0	0	0	0	0	0	0	0	0	0	
10/03/2022 11:57:58	0	0	6	15.03	15.03	1.3	2389	1705	4.049	4.0497	16.2	0	False	4.183333	4.205	4.211667	4.2	1.9717	0	4.082	4.083	83.4	-0.034	4.049	0	0	0	0	0	0	0	0	0	0	0	0	0	0	0	16.2	0	0	0	0	0	0	0	0	0	0	0	0	0	0	0	0	0	0	0	0	0	0	0	0	0	0	0	0	0	0	0	0	0	0	
10/03/2022 11:58:08	0	0	6	15.03	15.03	1.2	2391	1715	4.052	4.0529	16.3	0	False	4.186666	4.18	4.161667	4.2	1.9833	0	4.082	4.094	83.9	-0.034	4.052	0	0	0	0	0	0	0	0	0	0	0	0	0	0	0	16.3	0	0	0	0	0	0	0	0	0	0	0	0	0	0	0	0	0	0	0	0	0	0	0	0	0	0	0	0	0	0	0	0	0	0	
10/03/2022 11:58:18	0	0	6	15.03	15.03	1.3	2393	1725	4.056	4.0569	16.2	0	False	4.2	4.216667	4.211667	4.2	1.995	0	4.094	4.094	84.2	-0.023	4.056	0	0	0	0	0	0	0	0	0	0	0	0	0	0	0	16.2	0	0	0	0	0	0	0	0	0	0	0	0	0	0	0	0	0	0	0	0	0	0	0	0	0	0	0	0	0	0	0	0	0	0	
10/03/2022 11:58:28	0	0	6	15.03	15.03	1.3	2395	1735	4.06	4.061	16.2	0	False	4.196667	4.19	4.151667	4.2	2.0066	0	4.094	4.094	84.6	-0.034	4.06	0	0	0	0	0	0	0	0	0	0	0	0	0	0	0	16.2	0	0	0	0	0	0	0	0	0	0	0	0	0	0	0	0	0	0	0	0	0	0	0	0	0	0	0	0	0	0	0	0	0	0	
10/03/2022 11:58:38	0	0	6	15.03	15.03	1.3	2399	1745	4.063	4.0647	16.1	0	False	4.193333	4.193333	4.211667	4.2	2.0183	0	4.094	4.105	85	-0.034	4.063	0	0	0	0	0	0	0	0	0	0	0	0	0	0	0	16.1	0	0	0	0	0	0	0	0	0	0	0	0	0	0	0	0	0	0	0	0	0	0	0	0	0	0	0	0	0	0	0	0	0	0	
10/03/2022 11:58:48	0	0	6	15.03	15.03	1.3	2399	1755	4.067	4.0683	16.3	0	False	4.186666	4.158333	4.178333	4.2	2.0299	0	4.105	4.105	85.5	-0.034	4.067	0	0	0	0	0	0	0	0	0	0	0	0	0	0	0	16.3	0	0	0	0	0	0	0	0	0	0	0	0	0	0	0	0	0	0	0	0	0	0	0	0	0	0	0	0	0	0	0	0	0	0	
10/03/2022 11:58:58	0	0	6	15.03	15.03	1.3	2401	1765	4.072	4.0722	16.3	0	False	4.2	4.213333	4.2	4.2	2.0416	0	4.105	4.109	85.7	-0.046	4.072	0	0	0	0	0	0	0	0	0	0	0	0	0	0	0	16.3	0	0	0	0	0	0	0	0	0	0	0	0	0	0	0	0	0	0	0	0	0	0	0	0	0	0	0	0	0	0	0	0	0	0	
10/03/2022 11:59:08	0	0	6	15.03	15.03	1.3	2403	1775	4.075	4.076	16.2	0	False	4.193333	4.186666	4.186666	4.2	2.0532	0	4.117	4.117	86.2	-0.046	4.075	0	0	0	0	0	0	0	0	0	0	0	0	0	0	0	16.2	0	0	0	0	0	0	0	0	0	0	0	0	0	0	0	0	0	0	0	0	0	0	0	0	0	0	0	0	0	0	0	0	0	0	
10/03/2022 11:59:18	0	0	6	15.03	15.03	1.3	2405	1785	4.08	4.081	16.2	0	False	4.201667	4.211667	4.205	4.2	2.0649	0	4.117	4.117	86.6	-0.034	4.08	0	0	0	0	0	0	0	0	0	0	0	0	0	0	0	16.2	0	0	0	0	0	0	0	0	0	0	0	0	0	0	0	0	0	0	0	0	0	0	0	0	0	0	0	0	0	0	0	0	0	0	
10/03/2022 11:59:28	0	0	6	15.03	15.03	1.3	2407	1795	4.084	4.0847	16	0	False	4.195	4.171667	4.14	4.2	2.0765	0	4.117	4.122	87.1	-0.034	4.084	0	0	0	0	0	0	0	0	0	0	0	0	0	0	0	16	0	0	0	0	0	0	0	0	0	0	0	0	0	0	0	0	0	0	0	0	0	0	0	0	0	0	0	0	0	0	0	0	0	0	
10/03/2022 11:59:38	0	0	6	15.03	15.03	1.3	2409	1805	4.088	4.0885	16	0	False	4.19	4.213333	4.19	4.2	2.0882	0	4.128	4.128	87.4	-0.046	4.088	0	0	0	0	0	0	0	0	0	0	0	0	0	0	0	16	0	0	0	0	0	0	0	0	0	0	0	0	0	0	0	0	0	0	0	0	0	0	0	0	0	0	0	0	0	0	0	0	0	0	
10/03/2022 11:59:48	0	0	6	15.03	15.03	1.3	2409	1815	4.091	4.0922	15.9	0	False	4.186666	4.17	4.151667	4.2	2.0998	0	4.128	4.128	87.8	-0.034	4.091	0	0	0	0	0	0	0	0	0	0	0	0	0	0	0	15.9	0	0	0	0	0	0	0	0	0	0	0	0	0	0	0	0	0	0	0	0	0	0	0	0	0	0	0	0	0	0	0	0	0	0	
10/03/2022 11:59:58	0	0	6	15.03	15.03	1.3	2413	1825	4.095	4.096	15.9	0	False	4.186666	4.21	4.25	4.2	2.1115	0	4.14	4.131	88.2	-0.034	4.095	0	0	0	0	0	0	0	0	0	0	0	0	0	0	0	15.9	0	0	0	0	0	0	0	0	0	0	0	0	0	0	0	0	0	0	0	0	0	0	0	0	0	0	0	0	0	0	0	0	0	0	
10/03/2022 12:00:09	0	0	6	15.03	15.03	1.3	2413	1835	4.098	4.099	15.9	0	False	4.186666	4.18	4.2	4.2	2.1231	0	4.128	4.14	88.6	-0.046	4.098	0	0	0	0	0	0	0	0	0	0	0	0	0	0	0	15.9	0	0	0	0	0	0	0	0	0	0	0	0	0	0	0	0	0	0	0	0	0	0	0	0	0	0	0	0	0	0	0	0	0	0	
10/03/2022 12:00:19	0	0	6	15.03	15.03	1.3	2417	1845	4.102	4.1023	15.8	0	False	4.19	4.215	4.228333	4.2	2.1348	0	4.14	4.14	88.8	-0.034	4.102	0	0	0	0	0	0	0	0	0	0	0	0	0	0	0	15.8	0	0	0	0	0	0	0	0	0	0	0	0	0	0	0	0	0	0	0	0	0	0	0	0	0	0	0	0	0	0	0	0	0	0	
10/03/2022 12:00:29	0	0	6	15.03	15.03	1.3	2417	1855	4.105	4.106	15.8	0	False	4.19	4.19	4.175	4.2	2.1465	0	4.14	4.141	89.3	-0.034	4.105	0	0	0	0	0	0	0	0	0	0	0	0	0	0	0	15.8	0	0	0	0	0	0	0	0	0	0	0	0	0	0	0	0	0	0	0	0	0	0	0	0	0	0	0	0	0	0	0	0	0	0	
10/03/2022 12:00:39	0	0	6	15.03	15.03	1.3	2421	1865	4.109	4.1098	15.9	0	False	4.186666	4.188334	4.211667	4.2	2.1581	0	4.14	4.15	89.5	-0.046	4.109	0	0	0	0	0	0	0	0	0	0	0	0	0	0	0	15.9	0	0	0	0	0	0	0	0	0	0	0	0	0	0	0	0	0	0	0	0	0	0	0	0	0	0	0	0	0	0	0	0	0	0	
10/03/2022 12:00:49	0	0	6	15.03	15.03	1.3	2423	1875	4.112	4.1123	15.9	0	False	4.195	4.183333	4.2	4.2	2.1698	0	4.151	4.151	90	-0.034	4.112	0	0	0	0	0	0	0	0	0	0	0	0	0	0	0	15.9	0	0	0	0	0	0	0	0	0	0	0	0	0	0	0	0	0	0	0	0	0	0	0	0	0	0	0	0	0	0	0	0	0	0	
10/03/2022 12:00:59	0	0	6	15.03	15.03	1.3	2425	1885	4.115	4.116	15.8	0	False	4.185	4.186666	4.223333	4.2	2.1814	0	4.151	4.151	90.3	-0.034	4.115	0	0	0	0	0	0	0	0	0	0	0	0	0	0	0	15.8	0	0	0	0	0	0	0	0	0	0	0	0	0	0	0	0	0	0	0	0	0	0	0	0	0	0	0	0	0	0	0	0	0	0	
10/03/2022 12:01:09	0	0	6	15.03	15.03	1.3	2425	1895	4.118	4.1185	15.8	0	False	4.195	4.203333	4.213333	4.2	2.1931	0	4.151	4.153	90.5	-0.034	4.118	0	0	0	0	0	0	0	0	0	0	0	0	0	0	0	15.8	0	0	0	0	0	0	0	0	0	0	0	0	0	0	0	0	0	0	0	0	0	0	0	0	0	0	0	0	0	0	0	0	0	0	
10/03/2022 12:01:19	0	0	6	15.03	15.03	1.3	2429	1905	4.121	4.1221	15.9	0	False	4.185	4.203333	4.276667	4.2	2.2047	0	4.151	4.163	90.8	-0.034	4.121	0	0	0	0	0	0	0	0	0	0	0	0	0	0	0	15.9	0	0	0	0	0	0	0	0	0	0	0	0	0	0	0	0	0	0	0	0	0	0	0	0	0	0	0	0	0	0	0	0	0	0	
10/03/2022 12:01:29	0	0	6	15.03	15.03	1.3	2431	1915	4.124	4.1248	15.9	0	False	4.196667	4.215	4.235	4.2	2.2164	0	4.163	4.163	91.1	-0.034	4.124	0	0	0	0	0	0	0	0	0	0	0	0	0	0	0	15.9	0	0	0	0	0	0	0	0	0	0	0	0	0	0	0	0	0	0	0	0	0	0	0	0	0	0	0	0	0	0	0	0	0	0	
10/03/2022 12:01:39	0	0	6	15.03	15.03	1.3	2431	1925	4.127	4.1273	15.8	0	False	4.198333	4.186666	4.155	4.2	2.2281	0	4.163	4.163	91.5	-0.034	4.127	0	0	0	0	0	0	0	0	0	0	0	0	0	0	0	15.8	0	0	0	0	0	0	0	0	0	0	0	0	0	0	0	0	0	0	0	0	0	0	0	0	0	0	0	0	0	0	0	0	0	0	
10/03/2022 12:01:49	0	0	6	15.03	15.03	1.3	2431	1935	4.129	4.1298	15.9	0	False	4.186666	4.17	4.151667	4.2	2.2396	0	4.163	4.169	91.7	-0.034	4.129	0	0	0	0	0	0	0	0	0	0	0	0	0	0	0	15.9	0	0	0	0	0	0	0	0	0	0	0	0	0	0	0	0	0	0	0	0	0	0	0	0	0	0	0	0	0	0	0	0	0	0	
10/03/2022 12:01:59	0	0	6	15.03	15.03	1.3	2433	1945	4.132	4.1324	15.8	0	False	4.193333	4.228333	4.205	4.2	2.2513	0	4.174	4.174	91.8	-0.046	4.132	0	0	0	0	0	0	0	0	0	0	0	0	0	0	0	15.8	0	0	0	0	0	0	0	0	0	0	0	0	0	0	0	0	0	0	0	0	0	0	0	0	0	0	0	0	0	0	0	0	0	0	
10/03/2022 12:02:09	0	0	6	15.03	15.03	1.3	2435	1955	4.134	4.1348	15.8	0	False	4.196667	4.19	4.223333	4.2	2.2629	0	4.174	4.174	92.3	-0.046	4.134	0	0	0	0	0	0	0	0	0	0	0	0	0	0	0	15.8	0	0	0	0	0	0	0	0	0	0	0	0	0	0	0	0	0	0	0	0	0	0	0	0	0	0	0	0	0	0	0	0	0	0	
10/03/2022 12:02:20	0	0	6	15.03	15.03	1.3	2433	1965	4.136	4.1373	15.8	0	False	4.183333	4.186666	4.185	4.2	2.2746	0	4.174	4.174	92.3	-0.034	4.136	0	0	0	0	0	0	0	0	0	0	0	0	0	0	0	15.8	0	0	0	0	0	0	0	0	0	0	0	0	0	0	0	0	0	0	0	0	0	0	0	0	0	0	0	0	0	0	0	0	0	0	
10/03/2022 12:02:30	0	0	6	15.03	15.03	1.3	2437	1975	4.138	4.1385	15.9	0	False	4.178333	4.196667	4.236667	4.2	2.2861	0	4.174	4.176	92.6	-0.046	4.138	0	0	0	0	0	0	0	0	0	0	0	0	0	0	0	15.9	0	0	0	0	0	0	0	0	0	0	0	0	0	0	0	0	0	0	0	0	0	0	0	0	0	0	0	0	0	0	0	0	0	0	
10/03/2022 12:02:40	0	0	6	15.03	15.03	1.3	2437	1985	4.14	4.141	15.8	0	False	4.195	4.211667	4.235	4.2	2.2979	0	4.174	4.186	92.6	-0.034	4.14	0	0	0	0	0	0	0	0	0	0	0	0	0	0	0	15.8	0	0	0	0	0	0	0	0	0	0	0	0	0	0	0	0	0	0	0	0	0	0	0	0	0	0	0	0	0	0	0	0	0	0	
10/03/2022 12:02:50	0	0	6	15.03	15.03	1.3	2437	1995	4.142	4.1424	15.8	0	False	4.196667	4.185	4.178333	4.2	2.3096	0	4.186	4.186	93	-0.034	4.142	0	0	0	0	0	0	0	0	0	0	0	0	0	0	0	15.8	0	0	0	0	0	0	0	0	0	0	0	0	0	0	0	0	0	0	0	0	0	0	0	0	0	0	0	0	0	0	0	0	0	0	
10/03/2022 12:03:00	0	0	6	15.03	15.03	1.3	2439	2003	4.143	4.1435	15.9	0	False	4.183333	4.166667	4.161667	4.2	2.3188	0	4.186	4.186	93.2	-0.034	4.143	0	0	0	0	0	0	0	0	0	0	0	0	0	0	0	15.9	0	0	0	0	0	0	0	0	0	0	0	0	0	0	0	0	0	0	0	0	0	0	0	0	0	0	0	0	0	0	0	0	0	0	
10/03/2022 12:03:10	0	0	6	15.03	15.03	1.3	2439	2015	4.144	4.1454	15.8	0	False	4.19	4.188334	4.163333	4.2	2.3328	0	4.186	4.186	93.3	-0.046	4.144	0	0	0	0	0	0	0	0	0	0	0	0	0	0	0	15.8	0	0	0	0	0	0	0	0	0	0	0	0	0	0	0	0	0	0	0	0	0	0	0	0	0	0	0	0	0	0	0	0	0	0	
10/03/2022 12:03:20	0	0	6	15.03	15.03	1.3	2441	2025	4.147	4.1473	15.9	0	False	4.196667	4.226666	4.205	4.2	2.3444	0	4.186	4.186	93.4	-0.046	4.147	0	0	0	0	0	0	0	0	0	0	0	0	0	0	0	15.9	0	0	0	0	0	0	0	0	0	0	0	0	0	0	0	0	0	0	0	0	0	0	0	0	0	0	0	0	0	0	0	0	0	0	
10/03/2022 12:03:30	0	0	6	15.03	15.03	1.3	2441	2035	4.148	4.1485	15.7	0	False	4.206666	4.196667	4.19	4.2	2.3561	0	4.197	4.187	93.5	-0.034	4.148	0	0	0	0	0	0	0	0	0	0	0	0	0	0	0	15.7	0	0	0	0	0	0	0	0	0	0	0	0	0	0	0	0	0	0	0	0	0	0	0	0	0	0	0	0	0	0	0	0	0	0	
10/03/2022 12:03:40	0	0	6	15.03	15.03	1.3	2443	2045	4.149	4.1498	15.9	0	False	4.191667	4.185	4.155	4.2	2.3678	0	4.186	4.189	93.6	-0.034	4.149	0	0	0	0	0	0	0	0	0	0	0	0	0	0	0	15.9	0	0	0	0	0	0	0	0	0	0	0	0	0	0	0	0	0	0	0	0	0	0	0	0	0	0	0	0	0	0	0	0	0	0	
10/03/2022 12:03:50	0	0	6	15.03	15.03	1.3	2441	2055	4.15	4.151	15.9	0	False	4.176667	4.18	4.151667	4.2	2.3794	0	4.186	4.192	93.8	-0.046	4.15	0	0	0	0	0	0	0	0	0	0	0	0	0	0	0	15.9	0	0	0	0	0	0	0	0	0	0	0	0	0	0	0	0	0	0	0	0	0	0	0	0	0	0	0	0	0	0	0	0	0	0	
10/03/2022 12:04:00	0	0	6	15.03	15.03	1.3	2445	2065	4.152	4.1526	15.9	0	False	4.185	4.21	4.228333	4.2	2.391	0	4.186	4.197	94	-0.034	4.152	0	0	0	0	0	0	0	0	0	0	0	0	0	0	0	15.9	0	0	0	0	0	0	0	0	0	0	0	0	0	0	0	0	0	0	0	0	0	0	0	0	0	0	0	0	0	0	0	0	0	0	
10/03/2022 12:04:10	0	0	6	15.03	15.03	1.3	2445	2075	4.153	4.1535	16.1	0	False	4.195	4.23	4.245	4.2	2.4027	0	4.186	4.197	94.1	-0.034	4.153	0	0	0	0	0	0	0	0	0	0	0	0	0	0	0	16.1	0	0	0	0	0	0	0	0	0	0	0	0	0	0	0	0	0	0	0	0	0	0	0	0	0	0	0	0	0	0	0	0	0	0	
10/03/2022 12:04:20	0	0	6	15.03	15.03	1.3	2447	2085	4.154	4.1554	16	0	False	4.203333	4.193333	4.211667	4.2	2.4144	0	4.186	4.197	94.3	-0.034	4.154	0	0	0	0	0	0	0	0	0	0	0	0	0	0	0	16	0	0	0	0	0	0	0	0	0	0	0	0	0	0	0	0	0	0	0	0	0	0	0	0	0	0	0	0	0	0	0	0	0	0	
10/03/2022 12:04:31	0	0	6	15.03	15.03	1.3	2445	2095	4.156	4.1573	16.1	0	False	4.193333	4.196667	4.191667	4.2	2.426	0	4.197	4.197	94.3	-0.046	4.156	0	0	0	0	0	0	0	0	0	0	0	0	0	0	0	16.1	0	0	0	0	0	0	0	0	0	0	0	0	0	0	0	0	0	0	0	0	0	0	0	0	0	0	0	0	0	0	0	0	0	0	
10/03/2022 12:04:41	0	0	6	15.03	15.03	1.3	2447	2104	4.157	4.1573	16.1	0	False	4.178333	4.181667	4.181667	4.2	2.4365	0	4.197	4.197	94.5	-0.046	4.157	0	0	0	0	0	0	0	0	0	0	0	0	0	0	0	16.1	0	0	0	0	0	0	0	0	0	0	0	0	0	0	0	0	0	0	0	0	0	0	0	0	0	0	0	0	0	0	0	0	0	0	
10/03/2022 12:04:51	0	0	6	15.03	15.03	1.3	2449	2115	4.158	4.1595	16.2	0	False	4.18	4.195	4.245	4.2	2.4493	0	4.197	4.197	94.6	-0.046	4.158	0	0	0	0	0	0	0	0	0	0	0	0	0	0	0	16.2	0	0	0	0	0	0	0	0	0	0	0	0	0	0	0	0	0	0	0	0	0	0	0	0	0	0	0	0	0	0	0	0	0	0	
10/03/2022 12:05:01	0	0	6	15.03	15.03	1.3	2449	2125	4.16	4.161	16.2	0	False	4.185	4.21	4.245	4.2	2.4609	0	4.197	4.197	94.7	-0.034	4.16	0	0	0	0	0	0	0	0	0	0	0	0	0	0	0	16.2	0	0	0	0	0	0	0	0	0	0	0	0	0	0	0	0	0	0	0	0	0	0	0	0	0	0	0	0	0	0	0	0	0	0	
10/03/2022 12:05:11	0	0	6	15.03	15.03	1.3	2451	2136	4.162	4.1623	16.2	0	False	4.2	4.218333	4.24	4.2	2.4738	0	4.197	4.198	94.8	-0.034	4.162	0	0	0	0	0	0	0	0	0	0	0	0	0	0	0	16.2	0	0	0	0	0	0	0	0	0	0	0	0	0	0	0	0	0	0	0	0	0	0	0	0	0	0	0	0	0	0	0	0	0	0	
10/03/2022 12:05:21	0	0	6	15.03	15.03	1.3	2451	2146	4.163	4.1635	16.1	0	False	4.2	4.2	4.2	4.2	2.4854	0	4.197	4.199	95.1	-0.034	4.163	0	0	0	0	0	0	0	0	0	0	0	0	0	0	0	16.1	0	0	0	0	0	0	0	0	0	0	0	0	0	0	0	0	0	0	0	0	0	0	0	0	0	0	0	0	0	0	0	0	0	0	
10/03/2022 12:05:31	0	0	6	15.03	15.03	1.3	2451	2156	4.164	4.1648	16.2	0	False	4.186666	4.171667	4.185	4.2	2.4971	0	4.197	4.209	95.3	-0.034	4.164	0	0	0	0	0	0	0	0	0	0	0	0	0	0	0	16.2	0	0	0	0	0	0	0	0	0	0	0	0	0	0	0	0	0	0	0	0	0	0	0	0	0	0	0	0	0	0	0	0	0	0	
10/03/2022 12:05:41	0	0	6	15.03	15.03	1.3	2453	2166	4.165	4.166	16.1	0	False	4.178333	4.17	4.151667	4.2	2.5087	0	4.197	4.209	95.4	-0.034	4.165	0	0	0	0	0	0	0	0	0	0	0	0	0	0	0	16.1	0	0	0	0	0	0	0	0	0	0	0	0	0	0	0	0	0	0	0	0	0	0	0	0	0	0	0	0	0	0	0	0	0	0	
10/03/2022 12:05:51	0	0	6	15.03	15.03	1.3	2451	2176	4.167	4.1673	16	0	False	4.178333	4.161667	4.125	4.2	2.5203	0	4.197	4.209	95.5	-0.034	4.167	0	0	0	0	0	0	0	0	0	0	0	0	0	0	0	16	0	0	0	0	0	0	0	0	0	0	0	0	0	0	0	0	0	0	0	0	0	0	0	0	0	0	0	0	0	0	0	0	0	0	
10/03/2022 12:06:01	0	0	6	15.03	15.03	1.3	2455	2186	4.168	4.1698	16	0	False	4.195	4.213333	4.19	4.2	2.5321	0	4.197	4.209	95.5	-0.046	4.168	0	0	0	0	0	0	0	0	0	0	0	0	0	0	0	16	0	0	0	0	0	0	0	0	0	0	0	0	0	0	0	0	0	0	0	0	0	0	0	0	0	0	0	0	0	0	0	0	0	0	
10/03/2022 12:06:11	0	0	6	15.03	15.03	1.3	2457	2196	4.17	4.171	16.1	0	False	4.193333	4.185	4.185	4.2	2.5437	0	4.209	4.209	95.8	-0.023	4.17	0	0	0	0	0	0	0	0	0	0	0	0	0	0	0	16.1	0	0	0	0	0	0	0	0	0	0	0	0	0	0	0	0	0	0	0	0	0	0	0	0	0	0	0	0	0	0	0	0	0	0	
10/03/2022 12:06:21	0	0	6	15.03	15.03	1.3	2457	2206	4.172	4.1723	16.1	0	False	4.176667	4.17	4.178333	4.2	2.5553	0	4.209	4.209	96	-0.034	4.172	0	0	0	0	0	0	0	0	0	0	0	0	0	0	0	16.1	0	0	0	0	0	0	0	0	0	0	0	0	0	0	0	0	0	0	0	0	0	0	0	0	0	0	0	0	0	0	0	0	0	0	
10/03/2022 12:06:32	0	0	6	15.03	15.03	1.3	2457	2216	4.173	4.1735	16.2	0	False	4.188334	4.195	4.155	4.2	2.567	0	4.209	4.21	96.2	-0.034	4.173	0	0	0	0	0	0	0	0	0	0	0	0	0	0	0	16.2	0	0	0	0	0	0	0	0	0	0	0	0	0	0	0	0	0	0	0	0	0	0	0	0	0	0	0	0	0	0	0	0	0	0	
10/03/2022 12:06:42	0	0	6	15.03	15.03	1.3	2457	2226	4.175	4.176	16.1	0	False	4.198333	4.215	4.128334	4.2	2.5786	0	4.209	4.214	96.2	-0.034	4.175	0	0	0	0	0	0	0	0	0	0	0	0	0	0	0	16.1	0	0	0	0	0	0	0	0	0	0	0	0	0	0	0	0	0	0	0	0	0	0	0	0	0	0	0	0	0	0	0	0	0	0	
10/03/2022 12:06:52	0	0	6	15.03	15.03	1.3	2457	2236	4.177	4.1773	16	0	False	4.205	4.205	4.311666	4.2	2.5903	0	4.209	4.22	96.4	-0.034	4.177	0	0	0	0	0	0	0	0	0	0	0	0	0	0	0	16	0	0	0	0	0	0	0	0	0	0	0	0	0	0	0	0	0	0	0	0	0	0	0	0	0	0	0	0	0	0	0	0	0	0	
10/03/2022 12:07:02	0	0	6	15.03	15.03	1.3	2461	2246	4.178	4.1788	16.1	0	False	4.188334	4.178333	4.266667	4.2	2.602	0	4.22	4.22	96.6	-0.034	4.178	0	0	0	0	0	0	0	0	0	0	0	0	0	0	0	16.1	0	0	0	0	0	0	0	0	0	0	0	0	0	0	0	0	0	0	0	0	0	0	0	0	0	0	0	0	0	0	0	0	0	0	
10/03/2022 12:07:12	0	0	6	15.03	15.03	1.3	2459	2256	4.18	4.181	16.2	0	False	4.185	4.218333	4.143333	4.2	2.6136	0	4.22	4.22	96.7	-0.046	4.18	0	0	0	0	0	0	0	0	0	0	0	0	0	0	0	16.2	0	0	0	0	0	0	0	0	0	0	0	0	0	0	0	0	0	0	0	0	0	0	0	0	0	0	0	0	0	0	0	0	0	0	
10/03/2022 12:07:22	0	0	6	15.03	15.03	1.3	2459	2266	4.182	4.1823	16.1	0	False	4.195	4.211667	4.09	4.2	2.6253	0	4.22	4.22	96.8	-0.034	4.182	0	0	0	0	0	0	0	0	0	0	0	0	0	0	0	16.1	0	0	0	0	0	0	0	0	0	0	0	0	0	0	0	0	0	0	0	0	0	0	0	0	0	0	0	0	0	0	0	0	0	0	
10/03/2022 12:07:32	0	0	6	15.03	15.03	1.3	2463	2276	4.184	4.1848	16.1	0	False	4.2	4.2	4.345	4.2	2.637	0	4.22	4.221	97.3	-0.034	4.184	0	0	0	0	0	0	0	0	0	0	0	0	0	0	0	16.1	0	0	0	0	0	0	0	0	0	0	0	0	0	0	0	0	0	0	0	0	0	0	0	0	0	0	0	0	0	0	0	0	0	0	
10/03/2022 12:07:42	0	0	6	15.03	15.03	1.3	2463	2286	4.186	4.1873	16.1	0	False	4.186666	4.173333	4.173333	4.2	2.6486	0	4.22	4.227	97.4	-0.034	4.186	0	0	0	0	0	0	0	0	0	0	0	0	0	0	0	16.1	0	0	0	0	0	0	0	0	0	0	0	0	0	0	0	0	0	0	0	0	0	0	0	0	0	0	0	0	0	0	0	0	0	0	
10/03/2022 12:07:52	0	0	6	15.03	15.03	1.3	2465	2296	4.188	4.1887	16	0	False	4.18	4.161667	4.25	4.2	2.6602	0	4.232	4.232	97.6	-0.034	4.188	0	0	0	0	0	0	0	0	0	0	0	0	0	0	0	16	0	0	0	0	0	0	0	0	0	0	0	0	0	0	0	0	0	0	0	0	0	0	0	0	0	0	0	0	0	0	0	0	0	0	
10/03/2022 12:08:02	0	0	6	15.03	15.03	1.3	2463	2306	4.19	4.1913	16	0	False	4.193333	4.22	4.108333	4.2	2.672	0	4.22	4.232	97.7	-0.034	4.19	0	0	0	0	0	0	0	0	0	0	0	0	0	0	0	16	0	0	0	0	0	0	0	0	0	0	0	0	0	0	0	0	0	0	0	0	0	0	0	0	0	0	0	0	0	0	0	0	0	0	
10/03/2022 12:08:12	0	0	6	15.03	15.03	1.3	2469	2316	4.193	4.1941	16	0	False	4.19	4.188334	4.266667	4.2	2.6836	0	4.232	4.232	98.2	-0.034	4.193	0	0	0	0	0	0	0	0	0	0	0	0	0	0	0	16	0	0	0	0	0	0	0	0	0	0	0	0	0	0	0	0	0	0	0	0	0	0	0	0	0	0	0	0	0	0	0	0	0	0	
10/03/2022 12:08:22	0	0	6	15.03	15.03	1.3	2467	2326	4.195	4.1963	16.1	0	False	4.186666	4.208333	4.116667	4.2	2.6953	0	4.232	4.242	98.3	-0.034	4.195	0	0	0	0	0	0	0	0	0	0	0	0	0	0	0	16.1	0	0	0	0	0	0	0	0	0	0	0	0	0	0	0	0	0	0	0	0	0	0	0	0	0	0	0	0	0	0	0	0	0	0	
10/03/2022 12:08:32	0	0	6	15.03	15.03	1.3	2469	2336	4.198	4.1985	16.2	0	False	4.2	4.211667	4.078333	4.2	2.707	0	4.232	4.243	98.5	-0.046	4.198	0	0	0	0	0	0	0	0	0	0	0	0	0	0	0	16.2	0	0	0	0	0	0	0	0	0	0	0	0	0	0	0	0	0	0	0	0	0	0	0	0	0	0	0	0	0	0	0	0	0	0	
10/03/2022 12:08:42	0	0	6	15.03	15.03	1.3	2473	2346	4.2	4.2013	16.1	0	False	4.19	4.178333	4.276667	4.2	2.7186	0	4.243	4.243	98.8	-0.034	4.2	0	0	0	0	0	0	0	0	0	0	0	0	0	0	0	16.1	0	0	0	0	0	0	0	0	0	0	0	0	0	0	0	0	0	0	0	0	0	0	0	0	0	0	0	0	0	0	0	0	0	0	
10/03/2022 12:08:53	0	0	6	15.03	15.03	1.3	2471	2356	4.203	4.2046	16.1	0	False	4.19	4.198333	4.116667	4.2	2.7302	0	4.243	4.243	99.1	-0.046	4.203	0	0	0	0	0	0	0	0	0	0	0	0	0	0	0	16.1	0	0	0	0	0	0	0	0	0	0	0	0	0	0	0	0	0	0	0	0	0	0	0	0	0	0	0	0	0	0	0	0	0	0	
10/03/2022 12:09:03	0	0	6	15.03	15.03	1.3	2471	2364	4.205	4.2062	16.1	0	False	4.175	4.096667	4.068333	4.2	2.7394	0	4.243	4.243	99.4	-0.034	4.205	0	0	0	0	0	0	0	0	0	0	0	0	0	0	0	16.1	0	0	0	0	0	0	0	0	0	0	0	0	0	0	0	0	0	0	0	0	0	0	0	0	0	0	0	0	0	0	0	0	0	0	
10/03/2022 12:09:13	0	0	6	15.03	15.03	1.2	2463	2376	4.208	4.2085	16.1	0	True	4.113333	3.956667	3.788333	4.2	2.7529	0	4.243	4.25	99.7	-0.034	4.208	0	0	0	0	0	0	0	0	0	0	0	0	0	0	0	16.1	0	0	0	0	0	0	0	0	0	0	0	0	0	0	0	0	0	0	0	0	0	0	0	0	0	0	0	0	0	0	0	0	0	0	
10/03/2022 12:09:23	0	0	6	15.03	15.03	1.1	2455	2386	4.208	4.2087	16.1	0	True	3.948333	3.596667	3.545	4.2	2.7631	0	4.243	4.254	99.7	-0.034	4.208	0	0	0	0	0	0	0	0	0	0	0	0	0	0	0	16.1	0	0	0	0	0	0	0	0	0	0	0	0	0	0	0	0	0	0	0	0	0	0	0	0	0	0	0	0	0	0	0	0	0	0	
10/03/2022 12:09:33	0	0	6	15.02	15.03	1	2447	2396	4.208	4.2085	16.1	0	True	3.703333	3.321667	3.341667	4.2	2.7726	0	4.243	4.254	99.8	-0.034	4.208	0	0	0	0	0	0	0	0	0	0	0	0	0	0	0	16.1	0	0	0	0	0	0	0	0	0	0	0	0	0	0	0	0	0	0	0	0	0	0	0	0	0	0	0	0	0	0	0	0	0	0	
10/03/2022 12:09:43	0	0	6	15.02	15.03	1	2439	2406	4.208	4.2085	16.1	0	True	3.481667	3.115	3.071667	4.2	2.7815	0	4.243	4.254	100	-0.034	4.208	0	0	0	0	0	0	0	0	0	0	0	0	0	0	0	16.1	0	0	0	0	0	0	0	0	0	0	0	0	0	0	0	0	0	0	0	0	0	0	0	0	0	0	0	0	0	0	0	0	0	0	
10/03/2022 12:09:53	0	0	6	15.03	15.03	0.9	2435	2416	4.208	4.2085	16.1	0	True	3.271667	2.96	2.94	4.2	2.7899	0	4.243	4.254	100	-0.034	4.208	0	0	0	0	0	0	0	0	0	0	0	0	0	0	0	16.1	0	0	0	0	0	0	0	0	0	0	0	0	0	0	0	0	0	0	0	0	0	0	0	0	0	0	0	0	0	0	0	0	0	0	
10/03/2022 12:10:03	0	0	6	15.02	15.03	0.9	2429	2426	4.208	4.2085	16.1	0	True	3.08	2.83	2.831667	4.2	2.7978	0	4.243	4.254	100	-0.034	4.208	0	0	0	0	0	0	0	0	0	0	0	0	0	0	0	16.1	0	0	0	0	0	0	0	0	0	0	0	0	0	0	0	0	0	0	0	0	0	0	0	0	0	0	0	0	0	0	0	0	0	0	
10/03/2022 12:10:13	0	0	6	15.02	15.03	0.8	2423	2436	4.208	4.2085	16.1	0	True	2.906667	2.59	2.603333	4.2	2.8052	0	4.243	4.254	100	-0.034	4.208	0	0	0	0	0	0	0	0	0	0	0	0	0	0	0	16.1	0	0	0	0	0	0	0	0	0	0	0	0	0	0	0	0	0	0	0	0	0	0	0	0	0	0	0	0	0	0	0	0	0	0	
10/03/2022 12:10:23	0	0	6	15.02	15.03	0.8	2421	2446	4.208	4.2087	16.1	0	True	2.758333	2.58	2.581667	4.2	2.8124	0	4.243	4.254	100	-0.034	4.208	0	0	0	0	0	0	0	0	0	0	0	0	0	0	0	16.1	0	0	0	0	0	0	0	0	0	0	0	0	0	0	0	0	0	0	0	0	0	0	0	0	0	0	0	0	0	0	0	0	0	0	
10/03/2022 12:10:33	0	0	6	15.02	15.03	0.7	2415	2456	4.208	4.2085	16.1	0	True	2.596667	2.351667	2.356667	4.2	2.8191	0	4.254	4.254	100	-0.034	4.208	0	0	0	0	0	0	0	0	0	0	0	0	0	0	0	16.1	0	0	0	0	0	0	0	0	0	0	0	0	0	0	0	0	0	0	0	0	0	0	0	0	0	0	0	0	0	0	0	0	0	0	
10/03/2022 12:10:43	0	0	6	15.02	15.03	0.7	2407	2466	4.208	4.2085	16.1	0	True	2.461667	2.18	2.156667	4.2	2.8254	0	4.254	4.254	100	-0.034	4.208	0	0	0	0	0	0	0	0	0	0	0	0	0	0	0	16.1	0	0	0	0	0	0	0	0	0	0	0	0	0	0	0	0	0	0	0	0	0	0	0	0	0	0	0	0	0	0	0	0	0	0	
10/03/2022 12:10:53	0	0	6	15.02	15.03	0.7	2407	2476	4.208	4.2085	16.1	0	True	2.316667	2.138333	2.123333	4.2	2.8313	0	4.243	4.254	100	-0.034	4.208	0	0	0	0	0	0	0	0	0	0	0	0	0	0	0	16.1	0	0	0	0	0	0	0	0	0	0	0	0	0	0	0	0	0	0	0	0	0	0	0	0	0	0	0	0	0	0	0	0	0	0	
10/03/2022 12:11:03	0	0	6	15.01	15.03	0.6	2399	2486	4.208	4.2085	16.1	0	True	2.225	2.035	1.958333	4.2	2.8372	0	4.243	4.254	100	-0.034	4.208	0	0	0	0	0	0	0	0	0	0	0	0	0	0	0	16.1	0	0	0	0	0	0	0	0	0	0	0	0	0	0	0	0	0	0	0	0	0	0	0	0	0	0	0	0	0	0	0	0	0	0	
10/03/2022 12:11:13	0	0	6	15.02	15.03	0.6	2397	2496	4.208	4.2085	16.1	0	True	2.105	1.958333	1.981667	4.2	2.8426	0	4.243	4.254	100	-0.034	4.208	0	0	0	0	0	0	0	0	0	0	0	0	0	0	0	16.1	0	0	0	0	0	0	0	0	0	0	0	0	0	0	0	0	0	0	0	0	0	0	0	0	0	0	0	0	0	0	0	0	0	0	
10/03/2022 12:11:24	0	0	6	15.02	15.03	0.6	2391	2506	4.208	4.2085	16.1	0	True	2.018333	1.85	1.826667	4.2	2.8479	0	4.243	4.254	100	-0.034	4.208	0	0	0	0	0	0	0	0	0	0	0	0	0	0	0	16.1	0	0	0	0	0	0	0	0	0	0	0	0	0	0	0	0	0	0	0	0	0	0	0	0	0	0	0	0	0	0	0	0	0	0	
10/03/2022 12:11:34	0	0	6	15.01	15.03	0.5	2385	2516	4.208	4.2085	16.1	0	True	1.905	1.756667	1.756667	4.2	2.8528	0	4.243	4.254	100	-0.034	4.208	0	0	0	0	0	0	0	0	0	0	0	0	0	0	0	16.1	0	0	0	0	0	0	0	0	0	0	0	0	0	0	0	0	0	0	0	0	0	0	0	0	0	0	0	0	0	0	0	0	0	0	
10/03/2022 12:11:44	0	0	6	15.01	15.03	0.5	2377	2526	4.208	4.2085	16.1	0	True	1.808333	1.655	1.606667	4.2	2.8575	0	4.243	4.254	100	-0.034	4.208	0	0	0	0	0	0	0	0	0	0	0	0	0	0	0	16.1	0	0	0	0	0	0	0	0	0	0	0	0	0	0	0	0	0	0	0	0	0	0	0	0	0	0	0	0	0	0	0	0	0	0	
10/03/2022 12:11:54	0	0	6	15.01	15.03	0.5	2371	2536	4.208	4.2085	16.1	0	True	1.696667	1.503333	1.496667	4.2	2.8618	0	4.243	4.254	100	-0.034	4.208	0	0	0	0	0	0	0	0	0	0	0	0	0	0	0	16.1	0	0	0	0	0	0	0	0	0	0	0	0	0	0	0	0	0	0	0	0	0	0	0	0	0	0	0	0	0	0	0	0	0	0	
10/03/2022 12:12:04	0	0	6	15.01	15.03	0.5	2369	2546	4.208	4.2085	16.1	0	True	1.616667	1.513333	1.49	4.2	2.866	0	4.243	4.254	100	-0.034	4.208	0	0	0	0	0	0	0	0	0	0	0	0	0	0	0	16.1	0	0	0	0	0	0	0	0	0	0	0	0	0	0	0	0	0	0	0	0	0	0	0	0	0	0	0	0	0	0	0	0	0	0	
10/03/2022 12:12:14	0	0	6	15.01	15.03	0.4	2365	2556	4.208	4.2085	16.1	0	True	1.548333	1.441667	1.431667	4.2	2.8701	0	4.243	4.254	100	-0.034	4.208	0	0	0	0	0	0	0	0	0	0	0	0	0	0	0	16.1	0	0	0	0	0	0	0	0	0	0	0	0	0	0	0	0	0	0	0	0	0	0	0	0	0	0	0	0	0	0	0	0	0	0	
10/03/2022 12:12:24	0	0	6	15.01	15.03	0.4	2363	2566	4.208	4.2085	16.1	0	True	1.478333	1.371667	1.386667	4.2	2.874	0	4.243	4.254	100	-0.034	4.208	0	0	0	0	0	0	0	0	0	0	0	0	0	0	0	16.1	0	0	0	0	0	0	0	0	0	0	0	0	0	0	0	0	0	0	0	0	0	0	0	0	0	0	0	0	0	0	0	0	0	0	
10/03/2022 12:12:34	0	0	6	15.01	15.03	0.4	2355	2576	4.208	4.2085	16.1	0	True	1.388333	1.233333	1.233333	4.2	2.8775	0	4.243	4.254	100	-0.034	4.208	0	0	0	0	0	0	0	0	0	0	0	0	0	0	0	16.1	0	0	0	0	0	0	0	0	0	0	0	0	0	0	0	0	0	0	0	0	0	0	0	0	0	0	0	0	0	0	0	0	0	0	
10/03/2022 12:12:44	0	0	6	15.01	15.03	0.4	2355	2586	4.208	4.2085	16.1	0	True	1.321667	1.231667	1.233333	4.2	2.8809	0	4.243	4.254	100	-0.046	4.208	0	0	0	0	0	0	0	0	0	0	0	0	0	0	0	16.1	0	0	0	0	0	0	0	0	0	0	0	0	0	0	0	0	0	0	0	0	0	0	0	0	0	0	0	0	0	0	0	0	0	0	
10/03/2022 12:12:54	0	0	6	15.01	15.03	0.4	2349	2596	4.208	4.2085	16.1	0	True	1.265	1.153333	1.155	4.2	2.8842	0	4.243	4.254	100	-0.034	4.208	0	0	0	0	0	0	0	0	0	0	0	0	0	0	0	16.1	0	0	0	0	0	0	0	0	0	0	0	0	0	0	0	0	0	0	0	0	0	0	0	0	0	0	0	0	0	0	0	0	0	0	
10/03/2022 12:13:04	0	0	6	15.01	15.03	0.3	2345	2606	4.208	4.2087	16.1	0	True	1.215	1.098333	1.078333	4.2	2.8874	0	4.243	4.254	100	-0.034	4.208	0	0	0	0	0	0	0	0	0	0	0	0	0	0	0	16.1	0	0	0	0	0	0	0	0	0	0	0	0	0	0	0	0	0	0	0	0	0	0	0	0	0	0	0	0	0	0	0	0	0	0	
10/03/2022 12:13:14	0	0	6	15	15.03	0.3	2343	2616	4.208	4.2085	16.1	0	True	1.133333	1.008333	1.023333	4.2	2.8903	0	4.243	4.254	100	-0.034	4.208	0	0	0	0	0	0	0	0	0	0	0	0	0	0	0	16.1	0	0	0	0	0	0	0	0	0	0	0	0	0	0	0	0	0	0	0	0	0	0	0	0	0	0	0	0	0	0	0	0	0	0	
10/03/2022 12:13:24	0	0	6	15	15.03	0.3	2343	2626	4.208	4.2085	16.1	0	True	1.076667	1.006667	1.023333	4.2	2.8931	0	4.254	4.254	100	-0.034	4.208	0	0	0	0	0	0	0	0	0	0	0	0	0	0	0	16.1	0	0	0	0	0	0	0	0	0	0	0	0	0	0	0	0	0	0	0	0	0	0	0	0	0	0	0	0	0	0	0	0	0	0	
10/03/2022 12:13:34	0	0	6	15.01	15.03	0.3	2339	2635	4.208	4.2085	16.1	0	True	1.04	0.9216667	0.9016666	4.2	2.8955	0	4.254	4.254	100	-0.034	4.208	0	0	0	0	0	0	0	0	0	0	0	0	0	0	0	16.1	0	0	0	0	0	0	0	0	0	0	0	0	0	0	0	0	0	0	0	0	0	0	0	0	0	0	0	0	0	0	0	0	0	0	
10/03/2022 12:13:45	0	0	6	15	15.03	0.3	2337	2646	4.208	4.2085	16.1	0	True	0.9833333	0.905	0.9016666	4.2	2.8983	0	4.243	4.254	100	-0.034	4.208	0	0	0	0	0	0	0	0	0	0	0	0	0	0	0	16.1	0	0	0	0	0	0	0	0	0	0	0	0	0	0	0	0	0	0	0	0	0	0	0	0	0	0	0	0	0	0	0	0	0	0	
10/03/2022 12:13:55	0	0	6	15	15.03	0.2	2335	2656	4.208	4.2085	16.1	0	True	0.9416667	0.8166667	0.8083333	4.2	2.9007	0	4.243	4.254	100	-0.034	4.208	0	0	0	0	0	0	0	0	0	0	0	0	0	0	0	16.1	0	0	0	0	0	0	0	0	0	0	0	0	0	0	0	0	0	0	0	0	0	0	0	0	0	0	0	0	0	0	0	0	0	0	
10/03/2022 12:14:05	0	0	6	15	15.03	0.3	2335	2666	4.208	4.2085	16.1	0	True	0.89	0.8133333	0.8083333	4.2	2.903	0	4.243	4.254	100	-0.034	4.208	0	0	0	0	0	0	0	0	0	0	0	0	0	0	0	16.1	0	0	0	0	0	0	0	0	0	0	0	0	0	0	0	0	0	0	0	0	0	0	0	0	0	0	0	0	0	0	0	0	0	0	
10/03/2022 12:14:15	0	0	6	15	15.03	0.3	2335	2676	4.208	4.2085	16.1	0	True	0.8633333	0.8216667	0.83	4.2	2.9053	0	4.243	4.254	100	-0.034	4.208	0	0	0	0	0	0	0	0	0	0	0	0	0	0	0	16.1	0	0	0	0	0	0	0	0	0	0	0	0	0	0	0	0	0	0	0	0	0	0	0	0	0	0	0	0	0	0	0	0	0	0	
10/03/2022 12:14:25	0	0	6	15	15.03	0.2	2333	2686	4.208	4.2085	16.1	0	True	0.8466667	0.82	0.8083333	4.2	2.9075	0	4.243	4.254	100	-0.034	4.208	0	0	0	0	0	0	0	0	0	0	0	0	0	0	0	16.1	0	0	0	0	0	0	0	0	0	0	0	0	0	0	0	0	0	0	0	0	0	0	0	0	0	0	0	0	0	0	0	0	0	0	
10/03/2022 12:14:35	0	0	6	15	15.04	0.2	2327	2696	4.208	4.2085	16.1	0	True	0.77	0.6466666	0.665	4.2	2.9093	0	4.243	4.254	100	-0.034	4.208	0	0	0	0	0	0	0	0	0	0	0	0	0	0	0	16.1	0	0	0	0	0	0	0	0	0	0	0	0	0	0	0	0	0	0	0	0	0	0	0	0	0	0	0	0	0	0	0	0	0	0	
10/03/2022 12:14:45	0	0	6	15	15.03	0.2	2327	2705	4.208	4.2085	16.1	0	True	0.72	0.6316667	0.6533333	4.2	2.9109	0	4.243	4.254	100	-0.034	4.208	0	0	0	0	0	0	0	0	0	0	0	0	0	0	0	16.1	0	0	0	0	0	0	0	0	0	0	0	0	0	0	0	0	0	0	0	0	0	0	0	0	0	0	0	0	0	0	0	0	0	0	
10/03/2022 12:14:55	0	0	6	15	15.03	0.2	2327	2716	4.208	4.2085	16.1	0	True	0.685	0.6366667	0.62	4.2	2.9129	0	4.243	4.254	100	-0.034	4.208	0	0	0	0	0	0	0	0	0	0	0	0	0	0	0	16.1	0	0	0	0	0	0	0	0	0	0	0	0	0	0	0	0	0	0	0	0	0	0	0	0	0	0	0	0	0	0	0	0	0	0	
10/03/2022 12:15:05	0	0	6	15	15.04	0.2	2327	2726	4.208	4.2085	16.1	0	True	0.6683334	0.6333333	0.6316667	4.2	2.9147	0	4.243	4.254	100	-0.034	4.208	0	0	0	0	0	0	0	0	0	0	0	0	0	0	0	16.1	0	0	0	0	0	0	0	0	0	0	0	0	0	0	0	0	0	0	0	0	0	0	0	0	0	0	0	0	0	0	0	0	0	0	
10/03/2022 12:15:15	0	0	6	15	15.03	0.2	2325	2736	4.208	4.2085	16.1	0	True	0.6516666	0.6266667	0.61	4.2	2.9165	0	4.243	4.254	100	-0.034	4.208	0	0	0	0	0	0	0	0	0	0	0	0	0	0	0	16.1	0	0	0	0	0	0	0	0	0	0	0	0	0	0	0	0	0	0	0	0	0	0	0	0	0	0	0	0	0	0	0	0	0	0	
10/03/2022 12:15:25	0	0	6	15	15.03	0.2	2323	2746	4.208	4.2085	16.1	0	True	0.615	0.5516667	0.56	4.2	2.9181	0	4.243	4.254	100	-0.034	4.208	0	0	0	0	0	0	0	0	0	0	0	0	0	0	0	16.1	0	0	0	0	0	0	0	0	0	0	0	0	0	0	0	0	0	0	0	0	0	0	0	0	0	0	0	0	0	0	0	0	0	0	
10/03/2022 12:15:35	0	0	6	15	15.03	0.2	2323	2756	4.208	4.2085	16.1	0	True	0.585	0.545	0.56	4.2	2.9196	0	4.243	4.254	100	-0.034	4.208	0	0	0	0	0	0	0	0	0	0	0	0	0	0	0	16.1	0	0	0	0	0	0	0	0	0	0	0	0	0	0	0	0	0	0	0	0	0	0	0	0	0	0	0	0	0	0	0	0	0	0	
10/03/2022 12:15:45	0	0	6	15	15.03	0.2	2323	2766	4.208	4.2085	16.1	0	True	0.5683333	0.5366667	0.5216666	4.2	2.9211	0	4.243	4.254	100	-0.034	4.208	0	0	0	0	0	0	0	0	0	0	0	0	0	0	0	16.1	0	0	0	0	0	0	0	0	0	0	0	0	0	0	0	0	0	0	0	0	0	0	0	0	0	0	0	0	0	0	0	0	0	0	
10/03/2022 12:15:55	0	0	6	15	15.03	0.2	2323	2776	4.208	4.2085	16.1	0	True	0.5516667	0.5383334	0.5383334	4.2	2.9226	0	4.243	4.254	100	-0.034	4.208	0	0	0	0	0	0	0	0	0	0	0	0	0	0	0	16.1	0	0	0	0	0	0	0	0	0	0	0	0	0	0	0	0	0	0	0	0	0	0	0	0	0	0	0	0	0	0	0	0	0	0	
10/03/2022 12:16:05	0	0	6	15	15.03	0.1	2319	2786	4.208	4.2085	16.1	0	True	0.5216666	0.45	0.45	4.2	2.924	0	4.243	4.254	100	-0.034	4.208	0	0	0	0	0	0	0	0	0	0	0	0	0	0	0	16.1	0	0	0	0	0	0	0	0	0	0	0	0	0	0	0	0	0	0	0	0	0	0	0	0	0	0	0	0	0	0	0	0	0	0	
10/03/2022 12:16:15	0	0	6	15	15.03	0.1	2319	2796	4.208	4.2085	16.1	0	True	0.49	0.445	0.4666667	4.2	2.9252	0	4.243	4.254	100	-0.034	4.208	0	0	0	0	0	0	0	0	0	0	0	0	0	0	0	16.1	0	0	0	0	0	0	0	0	0	0	0	0	0	0	0	0	0	0	0	0	0	0	0	0	0	0	0	0	0	0	0	0	0	0	
10/03/2022 12:16:26	0	0	6	15	15.03	0.1	2319	2806	4.208	4.2085	16.1	0	True	0.4733333	0.4516667	0.4433333	4.2	2.9264	0	4.243	4.254	100	-0.034	4.208	0	0	0	0	0	0	0	0	0	0	0	0	0	0	0	16.1	0	0	0	0	0	0	0	0	0	0	0	0	0	0	0	0	0	0	0	0	0	0	0	0	0	0	0	0	0	0	0	0	0	0	
10/03/2022 12:16:36	0	0	6	14.99	15.03	0.1	2319	2816	4.208	4.2085	16.1	0	True	0.4566667	0.4483333	0.4283333	4.2	2.9277	0	4.243	4.254	100	-0.034	4.208	0	0	0	0	0	0	0	0	0	0	0	0	0	0	0	16.1	0	0	0	0	0	0	0	0	0	0	0	0	0	0	0	0	0	0	0	0	0	0	0	0	0	0	0	0	0	0	0	0	0	0	
10/03/2022 12:16:46	0	0	6	15	15.03	0.1	2315	2826	4.208	4.2085	16.1	0	True	0.43	0.355	0.34	4.2	2.9288	0	4.243	4.254	100	-0.034	4.208	0	0	0	0	0	0	0	0	0	0	0	0	0	0	0	16.1	0	0	0	0	0	0	0	0	0	0	0	0	0	0	0	0	0	0	0	0	0	0	0	0	0	0	0	0	0	0	0	0	0	0	
10/03/2022 12:16:56	0	0	6	14.99	15.03	0.1	2315	2836	4.208	4.2085	16.1	0	True	0.4016667	0.3583333	0.3566667	4.2	2.9298	0	4.243	4.254	100	-0.034	4.208	0	0	0	0	0	0	0	0	0	0	0	0	0	0	0	16.1	0	0	0	0	0	0	0	0	0	0	0	0	0	0	0	0	0	0	0	0	0	0	0	0	0	0	0	0	0	0	0	0	0	0	
10/03/2022 12:17:06	0	0	6	15	15.04	0.1	2315	2846	4.208	4.2085	16.1	0	True	0.385	0.3583333	0.3783333	4.2	2.9308	0	4.243	4.254	100	-0.034	4.208	0	0	0	0	0	0	0	0	0	0	0	0	0	0	0	16.1	0	0	0	0	0	0	0	0	0	0	0	0	0	0	0	0	0	0	0	0	0	0	0	0	0	0	0	0	0	0	0	0	0	0	
10/03/2022 12:17:16	0	0	6	15	15.03	0.1	2315	2856	4.208	4.2085	16.1	0	True	0.3683333	0.3583333	0.3616667	4.2	2.9318	0	4.243	4.254	100	-0.034	4.208	0	0	0	0	0	0	0	0	0	0	0	0	0	0	0	16.1	0	0	0	0	0	0	0	0	0	0	0	0	0	0	0	0	0	0	0	0	0	0	0	0	0	0	0	0	0	0	0	0	0	0	
10/03/2022 12:17:26	0	0	6	15	15.03	0.1	2315	2866	4.208	4.2085	16.1	0	True	0.3583333	0.3516667	0.345	4.2	2.9328	0	4.243	4.254	100	-0.034	4.208	0	0	0	0	0	0	0	0	0	0	0	0	0	0	0	16.1	0	0	0	0	0	0	0	0	0	0	0	0	0	0	0	0	0	0	0	0	0	0	0	0	0	0	0	0	0	0	0	0	0	0	
10/03/2022 12:17:36	0	0	6	14.99	15.03	0.1	2315	2876	4.208	4.2085	16.1	0	True	0.355	0.355	0.34	4.2	2.9337	0	4.243	4.254	100	-0.034	4.208	0	0	0	0	0	0	0	0	0	0	0	0	0	0	0	16.1	0	0	0	0	0	0	0	0	0	0	0	0	0	0	0	0	0	0	0	0	0	0	0	0	0	0	0	0	0	0	0	0	0	0	
10/03/2022 12:17:46	0	0	6	15	15.03	0.1	2315	2886	4.208	4.2085	16.1	0	True	0.3483333	0.3483333	0.34	4.2	2.9347	0	4.254	4.254	100	-0.034	4.208	0	0	0	0	0	0	0	0	0	0	0	0	0	0	0	16.1	0	0	0	0	0	0	0	0	0	0	0	0	0	0	0	0	0	0	0	0	0	0	0	0	0	0	0	0	0	0	0	0	0	0	
10/03/2022 12:17:57	0	0	6	15	15.03	0.1	2315	2896	4.208	4.2085	16.1	0	True	0.3416667	0.3516667	0.34	4.2	2.9357	0	4.243	4.254	100	-0.034	4.208	0	0	0	0	0	0	0	0	0	0	0	0	0	0	0	16.1	0	0	0	0	0	0	0	0	0	0	0	0	0	0	0	0	0	0	0	0	0	0	0	0	0	0	0	0	0	0	0	0	0	0	
10/03/2022 12:18:07	0	0	6	15	15.03	0.1	2313	2906	4.208	4.2085	16.1	0	True	0.345	0.3466667	0.3616667	4.2	2.9366	0	4.254	4.254	100	-0.034	4.208	0	0	0	0	0	0	0	0	0	0	0	0	0	0	0	16.1	0	0	0	0	0	0	0	0	0	0	0	0	0	0	0	0	0	0	0	0	0	0	0	0	0	0	0	0	0	0	0	0	0	0	
10/03/2022 12:18:17	0	0	6	15	15.03	0.1	2311	2916	4.208	4.2085	16.1	0	True	0.315	0.255	0.2683333	4.2	2.9374	0	4.254	4.254	100	-0.046	4.208	0	0	0	0	0	0	0	0	0	0	0	0	0	0	0	16.1	0	0	0	0	0	0	0	0	0	0	0	0	0	0	0	0	0	0	0	0	0	0	0	0	0	0	0	0	0	0	0	0	0	0	
10/03/2022 12:18:27	0	0	6	15	15.03	0.1	2311	2926	4.208	4.2085	16.1	0	True	0.2933333	0.2583333	0.275	4.2	2.9381	0	4.243	4.254	100	-0.034	4.208	0	0	0	0	0	0	0	0	0	0	0	0	0	0	0	16.1	0	0	0	0	0	0	0	0	0	0	0	0	0	0	0	0	0	0	0	0	0	0	0	0	0	0	0	0	0	0	0	0	0	0	
10/03/2022 12:18:37	0	0	6	15	15.03	0.1	2311	2936	4.208	4.2085	16.1	0	True	0.2766667	0.2516667	0.2566667	4.2	2.9388	0	4.243	4.254	100	-0.034	4.208	0	0	0	0	0	0	0	0	0	0	0	0	0	0	0	16.1	0	0	0	0	0	0	0	0	0	0	0	0	0	0	0	0	0	0	0	0	0	0	0	0	0	0	0	0	0	0	0	0	0	0	
10/03/2022 12:18:47	0	0	6	14.99	15.03	0.1	2311	2946	4.208	4.2085	16.1	0	True	0.26	0.2533333	0.2516667	4.2	2.9396	0	4.243	4.254	100	-0.034	4.208	0	0	0	0	0	0	0	0	0	0	0	0	0	0	0	16.1	0	0	0	0	0	0	0	0	0	0	0	0	0	0	0	0	0	0	0	0	0	0	0	0	0	0	0	0	0	0	0	0	0	0	
10/03/2022 12:18:57	0	0	6	14.99	15.03	0.1	2311	2956	4.208	4.2085	16.1	0	True	0.2583333	0.2516667	0.2366667	4.2	2.9403	0	4.243	4.254	100	-0.034	4.208	0	0	0	0	0	0	0	0	0	0	0	0	0	0	0	16.1	0	0	0	0	0	0	0	0	0	0	0	0	0	0	0	0	0	0	0	0	0	0	0	0	0	0	0	0	0	0	0	0	0	0	
10/03/2022 12:19:07	0	0	6	15	15.03	0.1	2311	2966	4.208	4.2085	16.1	0	True	0.255	0.2583333	0.275	4.2	2.941	0	4.243	4.254	100	-0.034	4.208	0	0	0	0	0	0	0	0	0	0	0	0	0	0	0	16.1	0	0	0	0	0	0	0	0	0	0	0	0	0	0	0	0	0	0	0	0	0	0	0	0	0	0	0	0	0	0	0	0	0	0	
10/03/2022 12:19:17	0	0	6	14.99	15.03	0.1	2311	2976	4.208	4.2085	16.1	0	True	0.2483333	0.255	0.2516667	4.2	2.9417	0	4.243	4.254	100	-0.034	4.208	0	0	0	0	0	0	0	0	0	0	0	0	0	0	0	16.1	0	0	0	0	0	0	0	0	0	0	0	0	0	0	0	0	0	0	0	0	0	0	0	0	0	0	0	0	0	0	0	0	0	0	
10/03/2022 12:19:27	0	0	6	15	15.03	0.1	2311	2986	4.208	4.2085	16.1	0	True	0.2516667	0.2566667	0.2683333	4.2	2.9424	0	4.243	4.254	100	-0.034	4.208	0	0	0	0	0	0	0	0	0	0	0	0	0	0	0	16.1	0	0	0	0	0	0	0	0	0	0	0	0	0	0	0	0	0	0	0	0	0	0	0	0	0	0	0	0	0	0	0	0	0	0	
10/03/2022 12:19:37	0	0	6	14.99	15.03	0.1	2309	2996	4.208	4.2085	16.1	0	True	0.2516667	0.245	0.2566667	4.2	2.9431	0	4.254	4.254	100	-0.034	4.208	0	0	0	0	0	0	0	0	0	0	0	0	0	0	0	16.1	0	0	0	0	0	0	0	0	0	0	0	0	0	0	0	0	0	0	0	0	0	0	0	0	0	0	0	0	0	0	0	0	0	0	
10/03/2022 12:19:47	0	0	6	14.99	15.03	0	2307	3006	4.208	4.2085	16.1	0	True	0.2233333	0.1616667	0.18	4.2	2.9436	0	4.254	4.254	100	-0.034	4.208	0	0	0	0	0	0	0	0	0	0	0	0	0	0	0	16.1	0	0	0	0	0	0	0	0	0	0	0	0	0	0	0	0	0	0	0	0	0	0	0	0	0	0	0	0	0	0	0	0	0	0	
10/03/2022 12:19:58	0	0	11	14.99	15.04	0	0	5	4.207	4.2085	16.1	0	True	0.155	0	0.006666667	4.2	2.9439	0	4.243	4.254	100	-0.034	4.207	0	0	0	0	0	0	0	0	0	0	0	0	0	0	0	16.1	0	0	0	0	0	0	0	0	0	0	0	0	0	0	0	0	0	0	0	0	0	0	0	0	0	0	0	0	0	0	0	0	0	0	
10/03/2022 12:20:08	0	0	11	14.99	15.05	0	0	15	4.205	4.2085	16.1	0	True	0.08833333	0	0.006666667	4.2	2.9439	0	4.243	4.254	100	-0.034	4.205	0	0	0	0	0	0	0	0	0	0	0	0	0	0	0	16.1	0	0	0	0	0	0	0	0	0	0	0	0	0	0	0	0	0	0	0	0	0	0	0	0	0	0	0	0	0	0	0	0	0	0	
10/03/2022 12:20:18	0	0	11	14.99	15.05	0	0	25	4.205	4.2085	16.1	0	True	0.05166667	0	0.003333333	4.2	2.9439	0	4.243	4.254	100	-0.034	4.205	0	0	0	0	0	0	0	0	0	0	0	0	0	0	0	16.1	0	0	0	0	0	0	0	0	0	0	0	0	0	0	0	0	0	0	0	0	0	0	0	0	0	0	0	0	0	0	0	0	0	0	
10/03/2022 12:20:28	0	0	11	14.99	15.05	0	0	35	4.204	4.2085	16.1	0	True	0.035	0	0.006666667	4.2	2.9439	0	4.243	4.252	100	-0.034	4.204	0	0	0	0	0	0	0	0	0	0	0	0	0	0	0	16.1	0	0	0	0	0	0	0	0	0	0	0	0	0	0	0	0	0	0	0	0	0	0	0	0	0	0	0	0	0	0	0	0	0	0	
10/03/2022 12:20:38	0	0	11	14.99	15.05	0	0	45	4.203	4.2085	16.1	0	True	0.01833333	0	0.003333333	4.2	2.9439	0	4.243	4.252	100	-0.034	4.203	0	0	0	0	0	0	0	0	0	0	0	0	0	0	0	16.1	0	0	0	0	0	0	0	0	0	0	0	0	0	0	0	0	0	0	0	0	0	0	0	0	0	0	0	0	0	0	0	0	0	0	
10/03/2022 12:20:48	0	0	11	14.99	15.05	0	0	55	4.203	4.2085	16.1	0	True	0.001666667	0	0.003333333	4.2	2.9439	0	4.243	4.248	100	-0.034	4.203	0	0	0	0	0	0	0	0	0	0	0	0	0	0	0	16.1	0	0	0	0	0	0	0	0	0	0	0	0	0	0	0	0	0	0	0	0	0	0	0	0	0	0	0	0	0	0	0	0	0	0	
10/03/2022 12:20:58	0	0	8	14.99	15	0	3390	5	4.173	4.1735	16.1	0	False	-3.466667	-3.585	-4.273334	4.25	2.9439	0.0039	4.209	4.209	-1	-0.034	4.173	0	0	0	0	0	0	0	0	0	0	0	0	0	0	0	16.1	0	0	0	0	0	0	0	0	0	0	0	0	0	0	0	0	0	0	0	0	0	0	0	0	0	0	0	0	0	0	0	0	0	0	
10/03/2022 12:21:08	0	0	8	14.98	15	0	3390	15	4.15	4.1498	16.1	0	False	-4.09	-4.258333	-4.266667	4.25	2.9439	0.0157	4.186	4.186	-1	-0.034	4.15	0	0	0	0	0	0	0	0	0	0	0	0	0	0	0	16.1	0	0	0	0	0	0	0	0	0	0	0	0	0	0	0	0	0	0	0	0	0	0	0	0	0	0	0	0	0	0	0	0	0	0	
10/03/2022 12:21:18	0	0	8	14.99	15	0	3402	25	4.135	4.136	16.1	0	False	-4.158333	-4.25	-4.261667	4.25	2.9439	0.0275	4.174	4.174	-1	-0.034	4.135	0	0	0	0	0	0	0	0	0	0	0	0	0	0	0	16.1	0	0	0	0	0	0	0	0	0	0	0	0	0	0	0	0	0	0	0	0	0	0	0	0	0	0	0	0	0	0	0	0	0	0	
10/03/2022 12:21:28	0	0	8	14.99	15	0	3402	35	4.124	4.1248	16.1	0	False	-4.196667	-4.251667	-4.24	4.25	2.9439	0.0394	4.163	4.163	-1	-0.034	4.124	0	0	0	0	0	0	0	0	0	0	0	0	0	0	0	16.1	0	0	0	0	0	0	0	0	0	0	0	0	0	0	0	0	0	0	0	0	0	0	0	0	0	0	0	0	0	0	0	0	0	0	
10/03/2022 12:21:38	0	0	8	14.99	15	0	3398	45	4.115	4.116	16.1	0	False	-4.215	-4.248333	-4.251667	4.25	2.9439	0.0512	4.151	4.151	-1	-0.034	4.115	0	0	0	0	0	0	0	0	0	0	0	0	0	0	0	16.1	0	0	0	0	0	0	0	0	0	0	0	0	0	0	0	0	0	0	0	0	0	0	0	0	0	0	0	0	0	0	0	0	0	0	
10/03/2022 12:21:48	0	0	8	14.99	15	0	3398	55	4.108	4.1085	16.1	0	False	-4.231667	-4.25	-4.251667	4.25	2.9439	0.063	4.14	4.151	-1	-0.046	4.108	0	0	0	0	0	0	0	0	0	0	0	0	0	0	0	16.1	0	0	0	0	0	0	0	0	0	0	0	0	0	0	0	0	0	0	0	0	0	0	0	0	0	0	0	0	0	0	0	0	0	0	
10/03/2022 12:21:58	0	0	8	14.99	15	0	3398	65	4.102	4.1023	16.1	0	False	-4.248333	-4.251667	-4.265	4.25	2.9439	0.0748	4.14	4.14	-1	-0.046	4.102	0	0	0	0	0	0	0	0	0	0	0	0	0	0	0	16.1	0	0	0	0	0	0	0	0	0	0	0	0	0	0	0	0	0	0	0	0	0	0	0	0	0	0	0	0	0	0	0	0	0	0	
10/03/2022 12:22:08	0	0	8	14.99	15	0	3410	75	4.095	4.0961	16.1	0	False	-4.25	-4.246666	-4.236667	4.25	2.9439	0.0866	4.128	4.14	-1	-0.034	4.095	0	0	0	0	0	0	0	0	0	0	0	0	0	0	0	16.1	0	0	0	0	0	0	0	0	0	0	0	0	0	0	0	0	0	0	0	0	0	0	0	0	0	0	0	0	0	0	0	0	0	0	
10/03/2022 12:22:18	0	0	8	14.98	15	0	3402	85	4.09	4.091	16.1	0	False	-4.248333	-4.248333	-4.253334	4.25	2.9439	0.0984	4.128	4.135	-1	-0.046	4.09	0	0	0	0	0	0	0	0	0	0	0	0	0	0	0	16.1	0	0	0	0	0	0	0	0	0	0	0	0	0	0	0	0	0	0	0	0	0	0	0	0	0	0	0	0	0	0	0	0	0	0	
10/03/2022 12:22:28	0	0	8	14.99	15	0	3400	95	4.085	4.0858	16.1	0	False	-4.246666	-4.25	-4.258333	4.25	2.9439	0.1102	4.117	4.128	-1	-0.034	4.085	0	0	0	0	0	0	0	0	0	0	0	0	0	0	0	16.1	0	0	0	0	0	0	0	0	0	0	0	0	0	0	0	0	0	0	0	0	0	0	0	0	0	0	0	0	0	0	0	0	0	0	
10/03/2022 12:22:39	0	0	8	14.99	15	0	3404	105	4.079	4.08	16.1	0	False	-4.246666	-4.241667	-4.236667	4.25	2.9439	0.122	4.117	4.128	-1	-0.046	4.079	0	0	0	0	0	0	0	0	0	0	0	0	0	0	0	16.1	0	0	0	0	0	0	0	0	0	0	0	0	0	0	0	0	0	0	0	0	0	0	0	0	0	0	0	0	0	0	0	0	0	0	
10/03/2022 12:22:49	0	0	8	14.99	15	0	3404	115	4.075	4.0759	16.1	0	False	-4.248333	-4.246666	-4.22	4.25	2.9439	0.1338	4.117	4.117	-1	-0.034	4.075	0	0	0	0	0	0	0	0	0	0	0	0	0	0	0	16.1	0	0	0	0	0	0	0	0	0	0	0	0	0	0	0	0	0	0	0	0	0	0	0	0	0	0	0	0	0	0	0	0	0	0	
10/03/2022 12:22:59	0	0	8	14.99	15	0	3400	125	4.071	4.0721	16.1	0	False	-4.245	-4.25	-4.253334	4.25	2.9439	0.1456	4.105	4.117	-1	-0.034	4.071	0	0	0	0	0	0	0	0	0	0	0	0	0	0	0	16.1	0	0	0	0	0	0	0	0	0	0	0	0	0	0	0	0	0	0	0	0	0	0	0	0	0	0	0	0	0	0	0	0	0	0	
10/03/2022 12:23:09	0	0	8	14.99	15	0	3408	135	4.068	4.0685	16.1	0	False	-4.245	-4.248333	-4.258333	4.25	2.9439	0.1574	4.105	4.113	-1	-0.034	4.068	0	0	0	0	0	0	0	0	0	0	0	0	0	0	0	16.1	0	0	0	0	0	0	0	0	0	0	0	0	0	0	0	0	0	0	0	0	0	0	0	0	0	0	0	0	0	0	0	0	0	0	
10/03/2022 12:23:19	0	0	8	14.99	15	0	3400	145	4.065	4.0653	16.1	0	False	-4.245	-4.25	-4.253334	4.25	2.9439	0.1692	4.094	4.105	-1	-0.046	4.065	0	0	0	0	0	0	0	0	0	0	0	0	0	0	0	16.1	0	0	0	0	0	0	0	0	0	0	0	0	0	0	0	0	0	0	0	0	0	0	0	0	0	0	0	0	0	0	0	0	0	0	
10/03/2022 12:23:29	0	0	8	14.98	15	0	3408	155	4.062	4.0622	16.1	0	False	-4.248333	-4.245	-4.258333	4.25	2.9439	0.181	4.094	4.105	-1	-0.034	4.062	0	0	0	0	0	0	0	0	0	0	0	0	0	0	0	16.1	0	0	0	0	0	0	0	0	0	0	0	0	0	0	0	0	0	0	0	0	0	0	0	0	0	0	0	0	0	0	0	0	0	0	
10/03/2022 12:23:39	0	0	8	14.98	15	0	3402	165	4.059	4.0597	16.1	0	False	-4.248333	-4.253334	-4.253334	4.25	2.9439	0.1928	4.094	4.105	-1	-0.034	4.059	0	0	0	0	0	0	0	0	0	0	0	0	0	0	0	16.1	0	0	0	0	0	0	0	0	0	0	0	0	0	0	0	0	0	0	0	0	0	0	0	0	0	0	0	0	0	0	0	0	0	0	
10/03/2022 12:23:49	0	0	8	14.99	15	0	3410	175	4.057	4.0572	16.1	0	False	-4.248333	-4.241667	-4.236667	4.25	2.9439	0.2046	4.094	4.102	-1	-0.023	4.057	0	0	0	0	0	0	0	0	0	0	0	0	0	0	0	16.1	0	0	0	0	0	0	0	0	0	0	0	0	0	0	0	0	0	0	0	0	0	0	0	0	0	0	0	0	0	0	0	0	0	0	
10/03/2022 12:23:59	0	0	8	14.99	15	0	3402	185	4.054	4.0547	16.1	0	False	-4.25	-4.248333	-4.231667	4.25	2.9439	0.2164	4.094	4.094	-1	-0.034	4.054	0	0	0	0	0	0	0	0	0	0	0	0	0	0	0	16.1	0	0	0	0	0	0	0	0	0	0	0	0	0	0	0	0	0	0	0	0	0	0	0	0	0	0	0	0	0	0	0	0	0	0	
10/03/2022 12:24:09	0	0	8	14.98	15	0	3410	195	4.052	4.0524	16.1	0	False	-4.248333	-4.238333	-4.236667	4.25	2.9439	0.2282	4.082	4.094	-1	-0.046	4.052	0	0	0	0	0	0	0	0	0	0	0	0	0	0	0	16.1	0	0	0	0	0	0	0	0	0	0	0	0	0	0	0	0	0	0	0	0	0	0	0	0	0	0	0	0	0	0	0	0	0	0	
10/03/2022 12:24:19	0	0	8	14.98	15	0	3408	205	4.05	4.051	16.1	0	False	-4.25	-4.248333	-4.236667	4.25	2.9439	0.24	4.082	4.094	-1	-0.034	4.05	0	0	0	0	0	0	0	0	0	0	0	0	0	0	0	16.1	0	0	0	0	0	0	0	0	0	0	0	0	0	0	0	0	0	0	0	0	0	0	0	0	0	0	0	0	0	0	0	0	0	0	
10/03/2022 12:24:29	0	0	8	14.98	15	0	3408	215	4.048	4.0485	16.1	0	False	-4.248333	-4.243333	-4.241667	4.25	2.9439	0.2518	4.082	4.094	-1	-0.034	4.048	0	0	0	0	0	0	0	0	0	0	0	0	0	0	0	16.1	0	0	0	0	0	0	0	0	0	0	0	0	0	0	0	0	0	0	0	0	0	0	0	0	0	0	0	0	0	0	0	0	0	0	
10/03/2022 12:24:39	0	0	8	14.99	15	0	3402	225	4.046	4.0472	16.1	0	False	-4.246666	-4.251667	-4.22	4.25	2.9439	0.2636	4.082	4.089	-1	-0.034	4.046	0	0	0	0	0	0	0	0	0	0	0	0	0	0	0	16.1	0	0	0	0	0	0	0	0	0	0	0	0	0	0	0	0	0	0	0	0	0	0	0	0	0	0	0	0	0	0	0	0	0	0	
10/03/2022 12:24:49	0	0	8	14.98	15	0	3406	235	4.045	4.0454	16.1	0	False	-4.25	-4.246666	-4.246666	4.25	2.9439	0.2753	4.082	4.082	-1	-0.034	4.045	0	0	0	0	0	0	0	0	0	0	0	0	0	0	0	16.1	0	0	0	0	0	0	0	0	0	0	0	0	0	0	0	0	0	0	0	0	0	0	0	0	0	0	0	0	0	0	0	0	0	0	
10/03/2022 12:24:59	0	0	8	14.99	15	0	3410	245	4.043	4.0435	16.1	0	False	-4.25	-4.246666	-4.258333	4.25	2.9439	0.2872	4.082	4.082	-1	-0.046	4.043	0	0	0	0	0	0	0	0	0	0	0	0	0	0	0	16.1	0	0	0	0	0	0	0	0	0	0	0	0	0	0	0	0	0	0	0	0	0	0	0	0	0	0	0	0	0	0	0	0	0	0	
10/03/2022 12:25:10	0	0	8	14.99	15	0	3406	255	4.042	4.0422	16.1	0	False	-4.246666	-4.25	-4.22	4.25	2.9439	0.2989	4.082	4.082	-1	-0.034	4.042	0	0	0	0	0	0	0	0	0	0	0	0	0	0	0	16.1	0	0	0	0	0	0	0	0	0	0	0	0	0	0	0	0	0	0	0	0	0	0	0	0	0	0	0	0	0	0	0	0	0	0	
10/03/2022 12:25:20	0	0	8	14.98	15	0	3402	265	4.04	4.0408	16.1	0	False	-4.246666	-4.251667	-4.258333	4.25	2.9439	0.3107	4.071	4.082	-1	-0.046	4.04	0	0	0	0	0	0	0	0	0	0	0	0	0	0	0	16.1	0	0	0	0	0	0	0	0	0	0	0	0	0	0	0	0	0	0	0	0	0	0	0	0	0	0	0	0	0	0	0	0	0	0	
10/03/2022 12:25:30	0	0	8	14.98	15	0	3410	275	4.038	4.0392	16.1	0	False	-4.248333	-4.245	-4.198333	4.25	2.9439	0.3225	4.071	4.082	-1	-0.034	4.038	0	0	0	0	0	0	0	0	0	0	0	0	0	0	0	16.1	0	0	0	0	0	0	0	0	0	0	0	0	0	0	0	0	0	0	0	0	0	0	0	0	0	0	0	0	0	0	0	0	0	0	
10/03/2022 12:25:40	0	0	8	14.98	15	0	3406	285	4.037	4.0374	16.1	0	False	-4.248333	-4.25	-4.22	4.25	2.9439	0.3343	4.071	4.082	-1	-0.034	4.037	0	0	0	0	0	0	0	0	0	0	0	0	0	0	0	16.1	0	0	0	0	0	0	0	0	0	0	0	0	0	0	0	0	0	0	0	0	0	0	0	0	0	0	0	0	0	0	0	0	0	0	
10/03/2022 12:25:50	0	0	8	14.98	15	0	3402	295	4.035	4.036	16.1	0	False	-4.248333	-4.251667	-4.215	4.25	2.9439	0.3461	4.06	4.082	-1	-0.034	4.035	0	0	0	0	0	0	0	0	0	0	0	0	0	0	0	16.1	0	0	0	0	0	0	0	0	0	0	0	0	0	0	0	0	0	0	0	0	0	0	0	0	0	0	0	0	0	0	0	0	0	0	
10/03/2022 12:26:00	0	0	8	14.98	15	0	3412	305	4.034	4.0347	16.1	0	False	-4.246666	-4.245	-4.241667	4.25	2.9439	0.3579	4.071	4.078	-1	-0.034	4.034	0	0	0	0	0	0	0	0	0	0	0	0	0	0	0	16.1	0	0	0	0	0	0	0	0	0	0	0	0	0	0	0	0	0	0	0	0	0	0	0	0	0	0	0	0	0	0	0	0	0	0	
10/03/2022 12:26:10	0	0	8	14.99	15	0	3404	315	4.033	4.0335	16.1	0	False	-4.246666	-4.25	-4.265	4.25	2.9439	0.3698	4.071	4.071	-1	-0.034	4.033	0	0	0	0	0	0	0	0	0	0	0	0	0	0	0	16.1	0	0	0	0	0	0	0	0	0	0	0	0	0	0	0	0	0	0	0	0	0	0	0	0	0	0	0	0	0	0	0	0	0	0	
10/03/2022 12:26:20	0	0	8	14.98	15	0	3410	325	4.032	4.0322	16.1	0	False	-4.25	-4.241667	-4.241667	4.25	2.9439	0.3816	4.06	4.071	-1	-0.046	4.032	0	0	0	0	0	0	0	0	0	0	0	0	0	0	0	16.1	0	0	0	0	0	0	0	0	0	0	0	0	0	0	0	0	0	0	0	0	0	0	0	0	0	0	0	0	0	0	0	0	0	0	
10/03/2022 12:26:30	0	0	8	14.99	15	0	3402	335	4.03	4.031	16.1	0	False	-4.25	-4.246666	-4.253334	4.25	2.9439	0.3934	4.071	4.071	-1	-0.034	4.03	0	0	0	0	0	0	0	0	0	0	0	0	0	0	0	16.1	0	0	0	0	0	0	0	0	0	0	0	0	0	0	0	0	0	0	0	0	0	0	0	0	0	0	0	0	0	0	0	0	0	0	
10/03/2022 12:26:40	0	0	8	14.99	15	0	3402	345	4.029	4.0297	16.1	0	False	-4.25	-4.25	-4.258333	4.25	2.9439	0.4052	4.071	4.071	-1	-0.034	4.029	0	0	0	0	0	0	0	0	0	0	0	0	0	0	0	16.1	0	0	0	0	0	0	0	0	0	0	0	0	0	0	0	0	0	0	0	0	0	0	0	0	0	0	0	0	0	0	0	0	0	0	
10/03/2022 12:26:50	0	0	8	14.99	15	0	3408	355	4.028	4.0285	16.1	0	False	-4.251667	-4.246666	-4.241667	4.25	2.9439	0.417	4.06	4.071	-1	-0.034	4.028	0	0	0	0	0	0	0	0	0	0	0	0	0	0	0	16.1	0	0	0	0	0	0	0	0	0	0	0	0	0	0	0	0	0	0	0	0	0	0	0	0	0	0	0	0	0	0	0	0	0	0	
10/03/2022 12:27:00	0	0	8	14.98	15	0	3398	365	4.027	4.0272	16.1	0	False	-4.248333	-4.25	-4.241667	4.25	2.9439	0.4288	4.06	4.071	-1	-0.046	4.027	0	0	0	0	0	0	0	0	0	0	0	0	0	0	0	16.1	0	0	0	0	0	0	0	0	0	0	0	0	0	0	0	0	0	0	0	0	0	0	0	0	0	0	0	0	0	0	0	0	0	0	
10/03/2022 12:27:10	0	0	8	14.98	15	0	3408	375	4.025	4.026	16.1	0	False	-4.25	-4.243333	-4.235	4.25	2.9439	0.4406	4.071	4.071	-1	-0.034	4.025	0	0	0	0	0	0	0	0	0	0	0	0	0	0	0	16.1	0	0	0	0	0	0	0	0	0	0	0	0	0	0	0	0	0	0	0	0	0	0	0	0	0	0	0	0	0	0	0	0	0	0	
10/03/2022 12:27:20	0	0	8	14.98	15	0	3400	385	4.024	4.0247	16.1	0	False	-4.248333	-4.251667	-4.22	4.25	2.9439	0.4524	4.06	4.071	-1	-0.023	4.024	0	0	0	0	0	0	0	0	0	0	0	0	0	0	0	16.1	0	0	0	0	0	0	0	0	0	0	0	0	0	0	0	0	0	0	0	0	0	0	0	0	0	0	0	0	0	0	0	0	0	0	
10/03/2022 12:27:30	0	0	8	14.99	15	0	3412	395	4.023	4.0235	16.1	0	False	-4.245	-4.241667	-4.236667	4.25	2.9439	0.4642	4.06	4.066	-1	-0.034	4.023	0	0	0	0	0	0	0	0	0	0	0	0	0	0	0	16.1	0	0	0	0	0	0	0	0	0	0	0	0	0	0	0	0	0	0	0	0	0	0	0	0	0	0	0	0	0	0	0	0	0	0	
10/03/2022 12:27:41	0	0	8	14.99	15	0	3400	405	4.022	4.0222	16.1	0	False	-4.243333	-4.253334	-4.265	4.25	2.9439	0.476	4.048	4.06	-1	-0.034	4.022	0	0	0	0	0	0	0	0	0	0	0	0	0	0	0	16.1	0	0	0	0	0	0	0	0	0	0	0	0	0	0	0	0	0	0	0	0	0	0	0	0	0	0	0	0	0	0	0	0	0	0	
10/03/2022 12:27:51	0	0	8	14.98	15	0	3404	415	4.02	4.021	16.1	0	False	-4.248333	-4.25	-4.241667	4.25	2.9439	0.4878	4.06	4.06	-1	-0.046	4.02	0	0	0	0	0	0	0	0	0	0	0	0	0	0	0	16.1	0	0	0	0	0	0	0	0	0	0	0	0	0	0	0	0	0	0	0	0	0	0	0	0	0	0	0	0	0	0	0	0	0	0	
10/03/2022 12:28:01	0	0	8	14.99	15	0	3414	425	4.019	4.0197	16.1	0	False	-4.248333	-4.241667	-4.241667	4.25	2.9439	0.4996	4.06	4.06	-1	-0.034	4.019	0	0	0	0	0	0	0	0	0	0	0	0	0	0	0	16.1	0	0	0	0	0	0	0	0	0	0	0	0	0	0	0	0	0	0	0	0	0	0	0	0	0	0	0	0	0	0	0	0	0	0	
10/03/2022 12:28:11	0	0	8	14.99	15	0	3402	435	4.018	4.0185	16.1	0	False	-4.25	-4.25	-4.253334	4.25	2.9439	0.5114	4.048	4.06	-1	-0.046	4.018	0	0	0	0	0	0	0	0	0	0	0	0	0	0	0	16.1	0	0	0	0	0	0	0	0	0	0	0	0	0	0	0	0	0	0	0	0	0	0	0	0	0	0	0	0	0	0	0	0	0	0	
10/03/2022 12:28:21	0	0	8	14.98	15	0	3406	445	4.017	4.0172	16.1	0	False	-4.248333	-4.25	-4.253334	4.25	2.9439	0.5233	4.048	4.06	-1	-0.034	4.017	0	0	0	0	0	0	0	0	0	0	0	0	0	0	0	16.1	0	0	0	0	0	0	0	0	0	0	0	0	0	0	0	0	0	0	0	0	0	0	0	0	0	0	0	0	0	0	0	0	0	0	
10/03/2022 12:28:31	0	0	8	14.98	15	0	3406	455	4.015	4.016	16.1	0	False	-4.251667	-4.246666	-4.241667	4.25	2.9439	0.535	4.048	4.06	-1	-0.034	4.015	0	0	0	0	0	0	0	0	0	0	0	0	0	0	0	16.1	0	0	0	0	0	0	0	0	0	0	0	0	0	0	0	0	0	0	0	0	0	0	0	0	0	0	0	0	0	0	0	0	0	0	
10/03/2022 12:28:41	0	0	8	14.99	15	0	3404	465	4.014	4.0147	16.1	0	False	-4.245	-4.245	-4.265	4.25	2.9439	0.5469	4.048	4.06	-1	-0.034	4.014	0	0	0	0	0	0	0	0	0	0	0	0	0	0	0	16.1	0	0	0	0	0	0	0	0	0	0	0	0	0	0	0	0	0	0	0	0	0	0	0	0	0	0	0	0	0	0	0	0	0	0	
10/03/2022 12:28:51	0	0	8	14.99	15	0	3396	475	4.013	4.0134	16.1	0	False	-4.248333	-4.251667	-4.258333	4.25	2.9439	0.5587	4.048	4.054	-1	-0.034	4.013	0	0	0	0	0	0	0	0	0	0	0	0	0	0	0	16.1	0	0	0	0	0	0	0	0	0	0	0	0	0	0	0	0	0	0	0	0	0	0	0	0	0	0	0	0	0	0	0	0	0	0	
10/03/2022 12:29:01	0	0	8	14.99	15	0	3404	485	4.011	4.0117	16.1	0	False	-4.25	-4.25	-4.22	4.25	2.9439	0.5705	4.048	4.054	-1	-0.046	4.011	0	0	0	0	0	0	0	0	0	0	0	0	0	0	0	16.1	0	0	0	0	0	0	0	0	0	0	0	0	0	0	0	0	0	0	0	0	0	0	0	0	0	0	0	0	0	0	0	0	0	0	
10/03/2022 12:29:11	0	0	8	14.99	15	0	3408	495	4.009	4.0097	16.1	0	False	-4.248333	-4.246666	-4.241667	4.25	2.9439	0.5822	4.048	4.048	-1	-0.046	4.009	0	0	0	0	0	0	0	0	0	0	0	0	0	0	0	16.1	0	0	0	0	0	0	0	0	0	0	0	0	0	0	0	0	0	0	0	0	0	0	0	0	0	0	0	0	0	0	0	0	0	0	
10/03/2022 12:29:21	0	0	8	14.99	15	0	3400	505	4.008	4.0085	16.1	0	False	-4.248333	-4.253334	-4.276667	4.25	2.9439	0.594	4.048	4.048	-1	-0.046	4.008	0	0	0	0	0	0	0	0	0	0	0	0	0	0	0	16.1	0	0	0	0	0	0	0	0	0	0	0	0	0	0	0	0	0	0	0	0	0	0	0	0	0	0	0	0	0	0	0	0	0	0	
10/03/2022 12:29:31	0	0	8	14.99	15	0	3408	515	4.007	4.0072	16.1	0	False	-4.245	-4.243333	-4.231667	4.25	2.9439	0.6059	4.037	4.048	-1	-0.034	4.007	0	0	0	0	0	0	0	0	0	0	0	0	0	0	0	16.1	0	0	0	0	0	0	0	0	0	0	0	0	0	0	0	0	0	0	0	0	0	0	0	0	0	0	0	0	0	0	0	0	0	0	
10/03/2022 12:29:41	0	0	8	14.98	15	0	3404	525	4.005	4.0052	16.1	0	False	-4.241667	-4.243333	-4.236667	4.25	2.9439	0.6176	4.037	4.048	-1	-0.034	4.005	0	0	0	0	0	0	0	0	0	0	0	0	0	0	0	16.1	0	0	0	0	0	0	0	0	0	0	0	0	0	0	0	0	0	0	0	0	0	0	0	0	0	0	0	0	0	0	0	0	0	0	
10/03/2022 12:29:51	0	0	8	14.99	15	0	3396	535	4.003	4.0034	16.1	0	False	-4.246666	-4.251667	-4.258333	4.25	2.9439	0.6294	4.037	4.047	-1	-0.034	4.003	0	0	0	0	0	0	0	0	0	0	0	0	0	0	0	16.1	0	0	0	0	0	0	0	0	0	0	0	0	0	0	0	0	0	0	0	0	0	0	0	0	0	0	0	0	0	0	0	0	0	0	
10/03/2022 12:30:01	0	0	8	14.99	15	0	3412	545	4	4.001	16.1	0	False	-4.246666	-4.241667	-4.241667	4.25	2.9439	0.6412	4.037	4.044	-1	-0.034	4	0	0	0	0	0	0	0	0	0	0	0	0	0	0	0	16.1	0	0	0	0	0	0	0	0	0	0	0	0	0	0	0	0	0	0	0	0	0	0	0	0	0	0	0	0	0	0	0	0	0	0	
10/03/2022 12:30:12	0	0	8	14.99	15	0	3414	555	3.999	3.9994	16.1	0	False	-4.246666	-4.241667	-4.241667	4.25	2.9439	0.653	4.037	4.037	-1	-0.046	3.999	0	0	0	0	0	0	0	0	0	0	0	0	0	0	0	16.1	0	0	0	0	0	0	0	0	0	0	0	0	0	0	0	0	0	0	0	0	0	0	0	0	0	0	0	0	0	0	0	0	0	0	
10/03/2022 12:30:22	0	0	8	14.98	15	0	3412	565	3.996	3.9971	16.1	0	False	-4.248333	-4.243333	-4.231667	4.25	2.9439	0.6648	4.025	4.037	-1	-0.046	3.996	0	0	0	0	0	0	0	0	0	0	0	0	0	0	0	16.1	0	0	0	0	0	0	0	0	0	0	0	0	0	0	0	0	0	0	0	0	0	0	0	0	0	0	0	0	0	0	0	0	0	0	
10/03/2022 12:30:32	0	0	8	14.99	15	0	3412	575	3.994	3.9947	16.1	0	False	-4.25	-4.243333	-4.241667	4.25	2.9439	0.6766	4.037	4.037	-1	-0.034	3.994	0	0	0	0	0	0	0	0	0	0	0	0	0	0	0	16.1	0	0	0	0	0	0	0	0	0	0	0	0	0	0	0	0	0	0	0	0	0	0	0	0	0	0	0	0	0	0	0	0	0	0	
10/03/2022 12:30:42	0	0	8	14.99	15	0	3410	585	3.992	3.9922	16.1	0	False	-4.25	-4.248333	-4.236667	4.25	2.9439	0.6884	4.025	4.037	-1	-0.034	3.992	0	0	0	0	0	0	0	0	0	0	0	0	0	0	0	16.1	0	0	0	0	0	0	0	0	0	0	0	0	0	0	0	0	0	0	0	0	0	0	0	0	0	0	0	0	0	0	0	0	0	0	
10/03/2022 12:30:52	0	0	8	14.98	15	0	3402	595	3.989	3.9897	16.1	0	False	-4.245	-4.251667	-4.253334	4.25	2.9439	0.7002	4.014	4.029	-1	-0.034	3.989	0	0	0	0	0	0	0	0	0	0	0	0	0	0	0	16.1	0	0	0	0	0	0	0	0	0	0	0	0	0	0	0	0	0	0	0	0	0	0	0	0	0	0	0	0	0	0	0	0	0	0	
10/03/2022 12:31:02	0	0	8	14.98	15	0	3408	605	3.987	3.9872	16.1	0	False	-4.248333	-4.248333	-4.263333	4.25	2.9439	0.712	4.014	4.025	-1	-0.046	3.987	0	0	0	0	0	0	0	0	0	0	0	0	0	0	0	16.1	0	0	0	0	0	0	0	0	0	0	0	0	0	0	0	0	0	0	0	0	0	0	0	0	0	0	0	0	0	0	0	0	0	0	
10/03/2022 12:31:12	0	0	8	14.98	15	0	3404	615	3.984	3.9846	16.1	0	False	-4.25	-4.251667	-4.265	4.25	2.9439	0.7238	4.014	4.025	-1	-0.034	3.984	0	0	0	0	0	0	0	0	0	0	0	0	0	0	0	16.1	0	0	0	0	0	0	0	0	0	0	0	0	0	0	0	0	0	0	0	0	0	0	0	0	0	0	0	0	0	0	0	0	0	0	
10/03/2022 12:31:22	0	0	8	14.98	15	0	3410	625	3.981	3.9813	16.1	0	False	-4.245	-4.24	-4.236667	4.25	2.9439	0.7368	4.014	4.025	-1	-0.034	3.981	0	0	0	0	0	0	0	0	0	0	0	0	0	0	0	16.1	0	0	0	0	0	0	0	0	0	0	0	0	0	0	0	0	0	0	0	0	0	0	0	0	0	0	0	0	0	0	0	0	0	0	
10/03/2022 12:31:32	0	0	8	14.99	15	0	3406	635	3.978	3.9785	16.1	0	False	-4.248333	-4.246666	-4.231667	4.25	2.9439	0.7486	4.014	4.016	-1	-0.023	3.978	0	0	0	0	0	0	0	0	0	0	0	0	0	0	0	16.1	0	0	0	0	0	0	0	0	0	0	0	0	0	0	0	0	0	0	0	0	0	0	0	0	0	0	0	0	0	0	0	0	0	0	
10/03/2022 12:31:42	0	0	8	14.98	15	0	3406	645	3.975	3.9757	16.1	0	False	-4.245	-4.245	-4.231667	4.25	2.9439	0.7604	4.014	4.014	-1	-0.046	3.975	0	0	0	0	0	0	0	0	0	0	0	0	0	0	0	16.1	0	0	0	0	0	0	0	0	0	0	0	0	0	0	0	0	0	0	0	0	0	0	0	0	0	0	0	0	0	0	0	0	0	0	
10/03/2022 12:31:52	0	0	8	14.98	15	0	3402	656	3.972	3.9722	16.1	0	False	-4.248333	-4.25	-4.253334	4.25	2.9439	0.7721	4.014	4.014	-1	-0.034	3.972	0	0	0	0	0	0	0	0	0	0	0	0	0	0	0	16.1	0	0	0	0	0	0	0	0	0	0	0	0	0	0	0	0	0	0	0	0	0	0	0	0	0	0	0	0	0	0	0	0	0	0	
10/03/2022 12:32:02	0	0	8	14.99	15	0	3396	666	3.968	3.9689	16.1	0	False	-4.25	-4.258333	-4.268333	4.25	2.9439	0.7839	4.002	4.013	-1	-0.034	3.968	0	0	0	0	0	0	0	0	0	0	0	0	0	0	0	16.1	0	0	0	0	0	0	0	0	0	0	0	0	0	0	0	0	0	0	0	0	0	0	0	0	0	0	0	0	0	0	0	0	0	0	
10/03/2022 12:32:12	0	0	8	14.99	15	0	3408	676	3.965	3.966	16.1	0	False	-4.245	-4.243333	-4.265	4.25	2.9439	0.7957	4.002	4.006	-1	-0.023	3.965	0	0	0	0	0	0	0	0	0	0	0	0	0	0	0	16.1	0	0	0	0	0	0	0	0	0	0	0	0	0	0	0	0	0	0	0	0	0	0	0	0	0	0	0	0	0	0	0	0	0	0	
10/03/2022 12:32:23	0	0	8	14.99	15	0	3406	686	3.962	3.9622	16.1	0	False	-4.246666	-4.248333	-4.276667	4.25	2.9439	0.8075	3.991	4.002	-1	-0.046	3.962	0	0	0	0	0	0	0	0	0	0	0	0	0	0	0	16.1	0	0	0	0	0	0	0	0	0	0	0	0	0	0	0	0	0	0	0	0	0	0	0	0	0	0	0	0	0	0	0	0	0	0	
10/03/2022 12:32:33	0	0	8	14.98	15	0	3394	696	3.958	3.9585	16.1	0	False	-4.251667	-4.25	-4.223333	4.25	2.9439	0.8193	3.991	4.002	-1	-0.034	3.958	0	0	0	0	0	0	0	0	0	0	0	0	0	0	0	16.1	0	0	0	0	0	0	0	0	0	0	0	0	0	0	0	0	0	0	0	0	0	0	0	0	0	0	0	0	0	0	0	0	0	0	
10/03/2022 12:32:43	0	0	8	14.98	15	0	3408	706	3.954	3.9547	16.1	0	False	-4.246666	-4.245	-4.253334	4.25	2.9439	0.8311	3.991	3.991	-1	-0.034	3.954	0	0	0	0	0	0	0	0	0	0	0	0	0	0	0	16.1	0	0	0	0	0	0	0	0	0	0	0	0	0	0	0	0	0	0	0	0	0	0	0	0	0	0	0	0	0	0	0	0	0	0	
10/03/2022 12:32:53	0	0	8	14.99	15	0	3406	716	3.95	3.951	16.1	0	False	-4.248333	-4.246666	-4.258333	4.25	2.9439	0.8429	3.979	3.991	-1	-0.034	3.95	0	0	0	0	0	0	0	0	0	0	0	0	0	0	0	16.1	0	0	0	0	0	0	0	0	0	0	0	0	0	0	0	0	0	0	0	0	0	0	0	0	0	0	0	0	0	0	0	0	0	0	
10/03/2022 12:33:03	0	0	8	14.98	15	0	3410	726	3.947	3.9472	16.1	0	False	-4.25	-4.248333	-4.258333	4.25	2.9439	0.8547	3.979	3.99	-1	-0.034	3.947	0	0	0	0	0	0	0	0	0	0	0	0	0	0	0	16.1	0	0	0	0	0	0	0	0	0	0	0	0	0	0	0	0	0	0	0	0	0	0	0	0	0	0	0	0	0	0	0	0	0	0	
10/03/2022 12:33:13	0	0	8	14.99	15	0	3402	736	3.942	3.9422	16.1	0	False	-4.25	-4.251667	-4.258333	4.25	2.9439	0.8665	3.979	3.981	-1	-0.046	3.942	0	0	0	0	0	0	0	0	0	0	0	0	0	0	0	16.1	0	0	0	0	0	0	0	0	0	0	0	0	0	0	0	0	0	0	0	0	0	0	0	0	0	0	0	0	0	0	0	0	0	0	
10/03/2022 12:33:23	0	0	8	14.99	15	0	3402	746	3.938	3.9385	16.1	0	False	-4.246666	-4.248333	-4.253334	4.25	2.9439	0.8783	3.968	3.979	-1	-0.034	3.938	0	0	0	0	0	0	0	0	0	0	0	0	0	0	0	16.1	0	0	0	0	0	0	0	0	0	0	0	0	0	0	0	0	0	0	0	0	0	0	0	0	0	0	0	0	0	0	0	0	0	0	
10/03/2022 12:33:33	0	0	8	14.98	15	0	3412	756	3.934	3.9347	16.1	0	False	-4.248333	-4.245	-4.236667	4.25	2.9439	0.8901	3.968	3.979	-1	-0.034	3.934	0	0	0	0	0	0	0	0	0	0	0	0	0	0	0	16.1	0	0	0	0	0	0	0	0	0	0	0	0	0	0	0	0	0	0	0	0	0	0	0	0	0	0	0	0	0	0	0	0	0	0	
10/03/2022 12:33:43	0	0	8	14.98	15	0	3408	766	3.93	3.931	16.1	0	False	-4.248333	-4.243333	-4.241667	4.25	2.9439	0.9019	3.968	3.968	-1	-0.034	3.93	0	0	0	0	0	0	0	0	0	0	0	0	0	0	0	16.1	0	0	0	0	0	0	0	0	0	0	0	0	0	0	0	0	0	0	0	0	0	0	0	0	0	0	0	0	0	0	0	0	0	0	
10/03/2022 12:33:53	0	0	8	14.99	15	0	3406	776	3.927	3.9272	16.1	0	False	-4.248333	-4.251667	-4.265	4.25	2.9439	0.9137	3.956	3.968	-1	-0.034	3.927	0	0	0	0	0	0	0	0	0	0	0	0	0	0	0	16.1	0	0	0	0	0	0	0	0	0	0	0	0	0	0	0	0	0	0	0	0	0	0	0	0	0	0	0	0	0	0	0	0	0	0	
10/03/2022 12:34:03	0	0	8	14.98	15	0	3406	786	3.923	3.9235	16.1	0	False	-4.248333	-4.25	-4.258333	4.25	2.9439	0.9255	3.956	3.968	-1	-0.034	3.923	0	0	0	0	0	0	0	0	0	0	0	0	0	0	0	16.1	0	0	0	0	0	0	0	0	0	0	0	0	0	0	0	0	0	0	0	0	0	0	0	0	0	0	0	0	0	0	0	0	0	0	
10/03/2022 12:34:13	0	0	8	14.98	15	0	3406	796	3.919	3.9197	16.1	0	False	-4.248333	-4.246666	-4.241667	4.25	2.9439	0.9373	3.956	3.958	-1	-0.034	3.919	0	0	0	0	0	0	0	0	0	0	0	0	0	0	0	16.1	0	0	0	0	0	0	0	0	0	0	0	0	0	0	0	0	0	0	0	0	0	0	0	0	0	0	0	0	0	0	0	0	0	0	
10/03/2022 12:34:23	0	0	8	14.99	15	0	3398	806	3.915	3.916	16.1	0	False	-4.246666	-4.251667	-4.213333	4.25	2.9439	0.9491	3.945	3.956	-1	-0.034	3.915	0	0	0	0	0	0	0	0	0	0	0	0	0	0	0	16.1	0	0	0	0	0	0	0	0	0	0	0	0	0	0	0	0	0	0	0	0	0	0	0	0	0	0	0	0	0	0	0	0	0	0	
10/03/2022 12:34:34	0	0	8	14.99	15	0	3404	816	3.912	3.9122	16.1	0	False	-4.248333	-4.248333	-4.241667	4.25	2.9439	0.9609	3.945	3.956	-1	-0.046	3.912	0	0	0	0	0	0	0	0	0	0	0	0	0	0	0	16.1	0	0	0	0	0	0	0	0	0	0	0	0	0	0	0	0	0	0	0	0	0	0	0	0	0	0	0	0	0	0	0	0	0	0	
10/03/2022 12:34:44	0	0	8	14.98	15	0	3404	826	3.908	3.9085	16.1	0	False	-4.248333	-4.253334	-4.235	4.25	2.9439	0.9727	3.945	3.945	-1	-0.034	3.908	0	0	0	0	0	0	0	0	0	0	0	0	0	0	0	16.1	0	0	0	0	0	0	0	0	0	0	0	0	0	0	0	0	0	0	0	0	0	0	0	0	0	0	0	0	0	0	0	0	0	0	
10/03/2022 12:34:54	0	0	8	14.98	15	0	3408	836	3.904	3.9048	16.1	0	False	-4.248333	-4.245	-4.241667	4.25	2.9439	0.9845	3.945	3.945	-1	-0.034	3.904	0	0	0	0	0	0	0	0	0	0	0	0	0	0	0	16.1	0	0	0	0	0	0	0	0	0	0	0	0	0	0	0	0	0	0	0	0	0	0	0	0	0	0	0	0	0	0	0	0	0	0	
10/03/2022 12:35:04	0	0	8	14.98	15	0	3398	846	3.9	3.901	16.1	0	False	-4.246666	-4.253334	-4.263333	4.25	2.9439	0.9963	3.922	3.943	-1	-0.034	3.9	0	0	0	0	0	0	0	0	0	0	0	0	0	0	0	16.1	0	0	0	0	0	0	0	0	0	0	0	0	0	0	0	0	0	0	0	0	0	0	0	0	0	0	0	0	0	0	0	0	0	0	
10/03/2022 12:35:14	0	0	8	14.99	15	0	3402	856	3.897	3.8979	16.1	0	False	-4.246666	-4.25	-4.236667	4.25	2.9439	1.0081	3.922	3.935	-1	-0.034	3.897	0	0	0	0	0	0	0	0	0	0	0	0	0	0	0	16.1	0	0	0	0	0	0	0	0	0	0	0	0	0	0	0	0	0	0	0	0	0	0	0	0	0	0	0	0	0	0	0	0	0	0	
10/03/2022 12:35:24	0	0	8	14.99	15	0	3408	866	3.894	3.8945	16.1	0	False	-4.25	-4.245	-4.258333	4.25	2.9439	1.0199	3.933	3.933	-1	-0.034	3.894	0	0	0	0	0	0	0	0	0	0	0	0	0	0	0	16.1	0	0	0	0	0	0	0	0	0	0	0	0	0	0	0	0	0	0	0	0	0	0	0	0	0	0	0	0	0	0	0	0	0	0	
10/03/2022 12:35:34	0	0	8	14.99	15	0	3400	876	3.89	3.8909	16.1	0	False	-4.25	-4.253334	-4.231667	4.25	2.9439	1.0317	3.922	3.933	-1	-0.034	3.89	0	0	0	0	0	0	0	0	0	0	0	0	0	0	0	16.1	0	0	0	0	0	0	0	0	0	0	0	0	0	0	0	0	0	0	0	0	0	0	0	0	0	0	0	0	0	0	0	0	0	0	
10/03/2022 12:35:44	0	0	8	14.98	15	0	3404	886	3.887	3.8879	16.1	0	False	-4.245	-4.25	-4.253334	4.25	2.9439	1.0436	3.91	3.922	-1	-0.023	3.887	0	0	0	0	0	0	0	0	0	0	0	0	0	0	0	16.1	0	0	0	0	0	0	0	0	0	0	0	0	0	0	0	0	0	0	0	0	0	0	0	0	0	0	0	0	0	0	0	0	0	0	
10/03/2022 12:35:54	0	0	8	14.99	15	0	3404	896	3.884	3.8846	16.1	0	False	-4.248333	-4.246666	-4.253334	4.25	2.9439	1.0553	3.922	3.922	-1	-0.046	3.884	0	0	0	0	0	0	0	0	0	0	0	0	0	0	0	16.1	0	0	0	0	0	0	0	0	0	0	0	0	0	0	0	0	0	0	0	0	0	0	0	0	0	0	0	0	0	0	0	0	0	0	
10/03/2022 12:36:04	0	0	8	14.98	15	0	3404	906	3.88	3.8812	16.1	0	False	-4.248333	-4.248333	-4.253334	4.25	2.9439	1.0671	3.91	3.922	-1	-0.046	3.88	0	0	0	0	0	0	0	0	0	0	0	0	0	0	0	16.1	0	0	0	0	0	0	0	0	0	0	0	0	0	0	0	0	0	0	0	0	0	0	0	0	0	0	0	0	0	0	0	0	0	0	
10/03/2022 12:36:14	0	0	8	14.99	15	0	3400	916	3.878	3.8784	16.1	0	False	-4.243333	-4.251667	-4.258333	4.25	2.9439	1.0789	3.91	3.921	-1	-0.034	3.878	0	0	0	0	0	0	0	0	0	0	0	0	0	0	0	16.1	0	0	0	0	0	0	0	0	0	0	0	0	0	0	0	0	0	0	0	0	0	0	0	0	0	0	0	0	0	0	0	0	0	0	
10/03/2022 12:36:24	0	0	8	14.98	15	0	3404	926	3.874	3.8749	16.1	0	False	-4.25	-4.251667	-4.236667	4.25	2.9439	1.0907	3.899	3.91	-1	-0.034	3.874	0	0	0	0	0	0	0	0	0	0	0	0	0	0	0	16.1	0	0	0	0	0	0	0	0	0	0	0	0	0	0	0	0	0	0	0	0	0	0	0	0	0	0	0	0	0	0	0	0	0	0	
10/03/2022 12:36:34	0	0	8	14.99	15	0	3412	936	3.872	3.8721	16.1	0	False	-4.246666	-4.245	-4.231667	4.25	2.9439	1.1025	3.899	3.91	-1	-0.046	3.872	0	0	0	0	0	0	0	0	0	0	0	0	0	0	0	16.1	0	0	0	0	0	0	0	0	0	0	0	0	0	0	0	0	0	0	0	0	0	0	0	0	0	0	0	0	0	0	0	0	0	0	
10/03/2022 12:36:44	0	0	8	14.98	15	0	3412	946	3.869	3.8693	16.1	0	False	-4.25	-4.246666	-4.265	4.25	2.9439	1.1143	3.899	3.91	-1	-0.046	3.869	0	0	0	0	0	0	0	0	0	0	0	0	0	0	0	16.1	0	0	0	0	0	0	0	0	0	0	0	0	0	0	0	0	0	0	0	0	0	0	0	0	0	0	0	0	0	0	0	0	0	0	
10/03/2022 12:36:54	0	0	8	14.98	15	0	3408	956	3.865	3.8659	16.1	0	False	-4.25	-4.25	-4.258333	4.25	2.9439	1.1261	3.899	3.91	-1	-0.034	3.865	0	0	0	0	0	0	0	0	0	0	0	0	0	0	0	16.1	0	0	0	0	0	0	0	0	0	0	0	0	0	0	0	0	0	0	0	0	0	0	0	0	0	0	0	0	0	0	0	0	0	0	
