DateTime	SlaveNum	Cycle	Mode	SupplyVolts	LSupplyVolts	SupplyAmps	PWM	SecTimer	AvgCellVolts	MaxCellVolts	AvgIR	FallBackVolts	CVStarted	SlowAmps	AvgAmps	FastAmps	SetAmps	AhrIN	AhrOUT	PackVolts	AvgPackVolts	Fuel1	SumError	Cell1Volts	Cell2Volts	Cell3Volts	Cell4Volts	Cell5Volts	Cell6Volts	Cell7Volts	Cell8Volts	Cell9Volts	Cell10Volts	Cell11Volts	Cell12Volts	Cell13Volts	Cell14Volts	Cell15Volts	Cell16Volts	Cell1IR	Cell2IR	Cell3IR	Cell4IR	Cell5IR	Cell6IR	Cell7IR	Cell8IR	Cell9IR	Cell10IR	Cell11IR	Cell12IR	Cell13IR	Cell14IR	Cell15IR	Cell16IR	BP1PWM	BP2PWM	BP3PWM	BP4PWM	BP5PWM	BP6PWM	BP7PWM	BP8PWM	BP9PWM	BP10PWM	BP11PWM	BP12PWM	BP13PWM	BP14PWM	BP15PWM	BP16PWM	Debug1	Debug2	Debug3	
10/03/2022 14:50:13	0	0	6	14.99	15.03	0	1938	13	3.543	3.5434	0	0	False	0	0	0	4.2	0	0	3.566	3.566	57.1	-0.023	3.543	0	0	0	0	0	0	0	0	0	0	0	0	0	0	0	0	0	0	0	0	0	0	0	0	0	0	0	0	0	0	0	0	0	0	0	0	0	0	0	0	0	0	0	0	0	0	0	0	0	0	
10/03/2022 14:50:14	0	0	6	14.99	15.03	0	1990	14	3.543	3.5434	0	0	False	0.001666667	0.001666667	0.008333334	4.2	0	0	3.578	3.578	57.1	-0.034	3.543	0	0	0	0	0	0	0	0	0	0	0	0	0	0	0	150	0	0	0	0	0	0	0	0	0	0	0	0	0	0	0	0	0	0	0	0	0	0	0	0	0	0	0	0	0	0	0	0	0	0	
10/03/2022 14:50:24	0	0	6	15.02	15.03	1.1	2142	23	3.591	3.5921	18.4	0	False	3.933333	4.185	4.175	4.2	0.0105	0	3.612	3.612	58.8	-0.023	3.591	0	0	0	0	0	0	0	0	0	0	0	0	0	0	0	18.4	0	0	0	0	0	0	0	0	0	0	0	0	0	0	0	0	0	0	0	0	0	0	0	0	0	0	0	0	0	0	0	0	0	0	
10/03/2022 14:50:34	0	0	6	15.03	15.03	1.1	2148	33	3.604	3.6034	18.5	0	False	4.038333	4.183333	4.213333	4.2	0.0222	0	3.635	3.635	59.4	-0.034	3.604	0	0	0	0	0	0	0	0	0	0	0	0	0	0	0	18.5	0	0	0	0	0	0	0	0	0	0	0	0	0	0	0	0	0	0	0	0	0	0	0	0	0	0	0	0	0	0	0	0	0	0	
10/03/2022 14:50:44	0	0	6	15.03	15.03	1.1	2152	43	3.611	3.6109	18.7	0	False	4.103333	4.206666	4.208333	4.2	0.0338	0	3.635	3.647	59.8	-0.034	3.611	0	0	0	0	0	0	0	0	0	0	0	0	0	0	0	18.7	0	0	0	0	0	0	0	0	0	0	0	0	0	0	0	0	0	0	0	0	0	0	0	0	0	0	0	0	0	0	0	0	0	0	
10/03/2022 14:50:54	0	0	6	15.03	15.03	1.1	2160	53	3.618	3.6184	18.7	0	False	4.141667	4.208333	4.208333	4.2	0.0455	0	3.647	3.635	60.1	-0.023	3.618	0	0	0	0	0	0	0	0	0	0	0	0	0	0	0	18.7	0	0	0	0	0	0	0	0	0	0	0	0	0	0	0	0	0	0	0	0	0	0	0	0	0	0	0	0	0	0	0	0	0	0	
10/03/2022 14:51:05	0	0	6	15.02	15.03	1.1	2164	63	3.623	3.6234	19.9	0	False	4.163333	4.18	4.253334	4.2	0.0571	0	3.658	3.658	60.4	-0.023	3.623	0	0	0	0	0	0	0	0	0	0	0	0	0	0	0	19.9	0	0	0	0	0	0	0	0	0	0	0	0	0	0	0	0	0	0	0	0	0	0	0	0	0	0	0	0	0	0	0	0	0	0	
10/03/2022 14:51:15	0	0	6	15.02	15.03	1.1	2164	73	3.628	3.6284	19.8	0	False	4.173333	4.211667	4.231667	4.2	0.0688	0	3.658	3.658	60.7	-0.034	3.628	0	0	0	0	0	0	0	0	0	0	0	0	0	0	0	19.8	0	0	0	0	0	0	0	0	0	0	0	0	0	0	0	0	0	0	0	0	0	0	0	0	0	0	0	0	0	0	0	0	0	0	
10/03/2022 14:51:25	0	0	6	15.02	15.03	1.1	2168	83	3.632	3.6334	19.9	0	False	4.185	4.205	4.273334	4.2	0.0804	0	3.658	3.66	60.9	-0.023	3.632	0	0	0	0	0	0	0	0	0	0	0	0	0	0	0	19.9	0	0	0	0	0	0	0	0	0	0	0	0	0	0	0	0	0	0	0	0	0	0	0	0	0	0	0	0	0	0	0	0	0	0	
10/03/2022 14:51:35	0	0	6	15.03	15.03	1.1	2170	93	3.636	3.6368	19.8	0	False	4.191667	4.198333	4.185	4.2	0.092	0	3.67	3.67	61.1	-0.034	3.636	0	0	0	0	0	0	0	0	0	0	0	0	0	0	0	19.8	0	0	0	0	0	0	0	0	0	0	0	0	0	0	0	0	0	0	0	0	0	0	0	0	0	0	0	0	0	0	0	0	0	0	
10/03/2022 14:51:45	0	0	6	15.02	15.03	1.1	2170	103	3.639	3.6406	19.7	0	False	4.185	4.193333	4.128334	4.2	0.1037	0	3.67	3.67	61.2	-0.034	3.639	0	0	0	0	0	0	0	0	0	0	0	0	0	0	0	19.7	0	0	0	0	0	0	0	0	0	0	0	0	0	0	0	0	0	0	0	0	0	0	0	0	0	0	0	0	0	0	0	0	0	0	
10/03/2022 14:51:55	0	0	6	15.02	15.03	1.1	2172	113	3.643	3.6437	19.8	0	False	4.195	4.203333	4.218333	4.2	0.1153	0	3.67	3.67	61.4	-0.034	3.643	0	0	0	0	0	0	0	0	0	0	0	0	0	0	0	19.8	0	0	0	0	0	0	0	0	0	0	0	0	0	0	0	0	0	0	0	0	0	0	0	0	0	0	0	0	0	0	0	0	0	0	
10/03/2022 14:52:05	0	0	6	15.02	15.03	1.1	2174	123	3.646	3.6471	19.7	0	False	4.193333	4.181667	4.173333	4.2	0.127	0	3.67	3.681	61.6	-0.023	3.646	0	0	0	0	0	0	0	0	0	0	0	0	0	0	0	19.7	0	0	0	0	0	0	0	0	0	0	0	0	0	0	0	0	0	0	0	0	0	0	0	0	0	0	0	0	0	0	0	0	0	0	
10/03/2022 14:52:15	0	0	6	15.03	15.03	1.1	2176	133	3.65	3.6509	19.7	0	False	4.196667	4.22	4.2	4.2	0.1386	0	3.681	3.681	61.7	-0.034	3.65	0	0	0	0	0	0	0	0	0	0	0	0	0	0	0	19.7	0	0	0	0	0	0	0	0	0	0	0	0	0	0	0	0	0	0	0	0	0	0	0	0	0	0	0	0	0	0	0	0	0	0	
10/03/2022 14:52:25	0	0	6	15.03	15.03	1.1	2178	143	3.653	3.6534	19.7	0	False	4.193333	4.186666	4.166667	4.2	0.1503	0	3.681	3.685	62	-0.034	3.653	0	0	0	0	0	0	0	0	0	0	0	0	0	0	0	19.7	0	0	0	0	0	0	0	0	0	0	0	0	0	0	0	0	0	0	0	0	0	0	0	0	0	0	0	0	0	0	0	0	0	0	
10/03/2022 14:52:35	0	0	6	15.03	15.03	1.1	2180	153	3.655	3.6564	19.6	0	False	4.19	4.195	4.245	4.2	0.162	0	3.681	3.693	62.1	-0.023	3.655	0	0	0	0	0	0	0	0	0	0	0	0	0	0	0	19.6	0	0	0	0	0	0	0	0	0	0	0	0	0	0	0	0	0	0	0	0	0	0	0	0	0	0	0	0	0	0	0	0	0	0	
10/03/2022 14:52:45	0	0	6	15.03	15.03	1.1	2180	163	3.658	3.6584	19.5	0	False	4.193333	4.211667	4.228333	4.2	0.1736	0	3.693	3.693	62.2	-0.034	3.658	0	0	0	0	0	0	0	0	0	0	0	0	0	0	0	19.5	0	0	0	0	0	0	0	0	0	0	0	0	0	0	0	0	0	0	0	0	0	0	0	0	0	0	0	0	0	0	0	0	0	0	
10/03/2022 14:52:55	0	0	6	15.03	15.03	1.1	2182	173	3.66	3.6611	19.5	0	False	4.19	4.19	4.155	4.2	0.1853	0	3.693	3.693	62.3	-0.023	3.66	0	0	0	0	0	0	0	0	0	0	0	0	0	0	0	19.5	0	0	0	0	0	0	0	0	0	0	0	0	0	0	0	0	0	0	0	0	0	0	0	0	0	0	0	0	0	0	0	0	0	0	
10/03/2022 14:53:05	0	0	6	15.03	15.03	1.2	2184	183	3.663	3.6634	19.5	0	False	4.185	4.18	4.25	4.2	0.1969	0	3.693	3.693	62.5	-0.034	3.663	0	0	0	0	0	0	0	0	0	0	0	0	0	0	0	19.5	0	0	0	0	0	0	0	0	0	0	0	0	0	0	0	0	0	0	0	0	0	0	0	0	0	0	0	0	0	0	0	0	0	0	
10/03/2022 14:53:15	0	0	6	15.03	15.03	1.1	2184	193	3.665	3.6659	19.5	0	False	4.188334	4.181667	4.2	4.2	0.2085	0	3.704	3.704	62.6	-0.034	3.665	0	0	0	0	0	0	0	0	0	0	0	0	0	0	0	19.5	0	0	0	0	0	0	0	0	0	0	0	0	0	0	0	0	0	0	0	0	0	0	0	0	0	0	0	0	0	0	0	0	0	0	
10/03/2022 14:53:25	0	0	6	15.03	15.03	1.1	2186	203	3.668	3.6684	19.5	0	False	4.196667	4.18	4.173333	4.2	0.2202	0	3.704	3.704	62.7	-0.023	3.668	0	0	0	0	0	0	0	0	0	0	0	0	0	0	0	19.5	0	0	0	0	0	0	0	0	0	0	0	0	0	0	0	0	0	0	0	0	0	0	0	0	0	0	0	0	0	0	0	0	0	0	
10/03/2022 14:53:35	0	0	6	15.03	15.03	1.1	2186	213	3.67	3.6709	19.4	0	False	4.193333	4.193333	4.151667	4.2	0.2319	0	3.704	3.704	62.8	-0.034	3.67	0	0	0	0	0	0	0	0	0	0	0	0	0	0	0	19.4	0	0	0	0	0	0	0	0	0	0	0	0	0	0	0	0	0	0	0	0	0	0	0	0	0	0	0	0	0	0	0	0	0	0	
10/03/2022 14:53:45	0	0	6	15.03	15.03	1.1	2188	223	3.673	3.6732	19.4	0	False	4.193333	4.203333	4.096667	4.2	0.2435	0	3.704	3.704	62.9	-0.034	3.673	0	0	0	0	0	0	0	0	0	0	0	0	0	0	0	19.4	0	0	0	0	0	0	0	0	0	0	0	0	0	0	0	0	0	0	0	0	0	0	0	0	0	0	0	0	0	0	0	0	0	0	
10/03/2022 14:53:55	0	0	6	15.03	15.03	1.1	2190	233	3.675	3.6759	19.5	0	False	4.203333	4.201667	4.19	4.2	0.2552	0	3.704	3.705	63.1	-0.034	3.675	0	0	0	0	0	0	0	0	0	0	0	0	0	0	0	19.5	0	0	0	0	0	0	0	0	0	0	0	0	0	0	0	0	0	0	0	0	0	0	0	0	0	0	0	0	0	0	0	0	0	0	
10/03/2022 14:54:05	0	0	6	15.03	15.03	1.1	2190	243	3.678	3.6784	19.3	0	False	4.195	4.186666	4.151667	4.2	0.2669	0	3.704	3.707	63.2	-0.034	3.678	0	0	0	0	0	0	0	0	0	0	0	0	0	0	0	19.3	0	0	0	0	0	0	0	0	0	0	0	0	0	0	0	0	0	0	0	0	0	0	0	0	0	0	0	0	0	0	0	0	0	0	
10/03/2022 14:54:15	0	0	6	15.03	15.03	1.1	2192	253	3.679	3.6801	19.2	0	False	4.191667	4.19	4.205	4.2	0.2785	0	3.704	3.716	63.3	-0.023	3.679	0	0	0	0	0	0	0	0	0	0	0	0	0	0	0	19.2	0	0	0	0	0	0	0	0	0	0	0	0	0	0	0	0	0	0	0	0	0	0	0	0	0	0	0	0	0	0	0	0	0	0	
10/03/2022 14:54:25	0	0	6	15.03	15.03	1.2	2194	263	3.681	3.6821	19.1	0	False	4.201667	4.213333	4.228333	4.2	0.2902	0	3.716	3.716	63.3	-0.034	3.681	0	0	0	0	0	0	0	0	0	0	0	0	0	0	0	19.1	0	0	0	0	0	0	0	0	0	0	0	0	0	0	0	0	0	0	0	0	0	0	0	0	0	0	0	0	0	0	0	0	0	0	
10/03/2022 14:54:36	0	0	6	15.03	15.03	1.1	2194	273	3.684	3.6846	19.1	0	False	4.2	4.198333	4.19	4.2	0.3019	0	3.704	3.716	63.5	-0.034	3.684	0	0	0	0	0	0	0	0	0	0	0	0	0	0	0	19.1	0	0	0	0	0	0	0	0	0	0	0	0	0	0	0	0	0	0	0	0	0	0	0	0	0	0	0	0	0	0	0	0	0	0	
10/03/2022 14:54:46	0	0	6	15.03	15.03	1.2	2196	283	3.686	3.6872	19.2	0	False	4.193333	4.205	4.273334	4.2	0.3135	0	3.716	3.716	63.6	-0.034	3.686	0	0	0	0	0	0	0	0	0	0	0	0	0	0	0	19.2	0	0	0	0	0	0	0	0	0	0	0	0	0	0	0	0	0	0	0	0	0	0	0	0	0	0	0	0	0	0	0	0	0	0	
10/03/2022 14:54:56	0	0	6	15.03	15.03	1.2	2196	293	3.688	3.6884	19	0	False	4.193333	4.198333	4.223333	4.2	0.3252	0	3.716	3.717	63.7	-0.034	3.688	0	0	0	0	0	0	0	0	0	0	0	0	0	0	0	19	0	0	0	0	0	0	0	0	0	0	0	0	0	0	0	0	0	0	0	0	0	0	0	0	0	0	0	0	0	0	0	0	0	0	
10/03/2022 14:55:06	0	0	6	15.03	15.03	1.1	2196	303	3.69	3.6909	19.1	0	False	4.2	4.196667	4.19	4.2	0.3369	0	3.716	3.727	63.7	-0.023	3.69	0	0	0	0	0	0	0	0	0	0	0	0	0	0	0	19.1	0	0	0	0	0	0	0	0	0	0	0	0	0	0	0	0	0	0	0	0	0	0	0	0	0	0	0	0	0	0	0	0	0	0	
10/03/2022 14:55:16	0	0	6	15.03	15.03	1.1	2198	313	3.692	3.6923	18.9	0	False	4.193333	4.188334	4.173333	4.2	0.3486	0	3.727	3.727	63.8	-0.023	3.692	0	0	0	0	0	0	0	0	0	0	0	0	0	0	0	18.9	0	0	0	0	0	0	0	0	0	0	0	0	0	0	0	0	0	0	0	0	0	0	0	0	0	0	0	0	0	0	0	0	0	0	
10/03/2022 14:55:26	0	0	6	15.03	15.03	1.1	2198	323	3.694	3.6947	18.8	0	False	4.195	4.206666	4.14	4.2	0.3602	0	3.727	3.727	64	-0.023	3.694	0	0	0	0	0	0	0	0	0	0	0	0	0	0	0	18.8	0	0	0	0	0	0	0	0	0	0	0	0	0	0	0	0	0	0	0	0	0	0	0	0	0	0	0	0	0	0	0	0	0	0	
10/03/2022 14:55:36	0	0	6	15.02	15.03	1.1	2200	333	3.695	3.6961	18.9	0	False	4.198333	4.191667	4.211667	4.2	0.3718	0	3.716	3.727	64.1	-0.034	3.695	0	0	0	0	0	0	0	0	0	0	0	0	0	0	0	18.9	0	0	0	0	0	0	0	0	0	0	0	0	0	0	0	0	0	0	0	0	0	0	0	0	0	0	0	0	0	0	0	0	0	0	
10/03/2022 14:55:46	0	0	6	15.02	15.03	1.1	2200	343	3.698	3.6984	18.9	0	False	4.201667	4.181667	4.173333	4.2	0.3835	0	3.727	3.728	64.2	-0.034	3.698	0	0	0	0	0	0	0	0	0	0	0	0	0	0	0	18.9	0	0	0	0	0	0	0	0	0	0	0	0	0	0	0	0	0	0	0	0	0	0	0	0	0	0	0	0	0	0	0	0	0	0	
10/03/2022 14:55:56	0	0	6	15.02	15.03	1.1	2202	353	3.7	3.7009	18.9	0	False	4.191667	4.195	4.146667	4.2	0.3951	0	3.727	3.732	64.2	-0.034	3.7	0	0	0	0	0	0	0	0	0	0	0	0	0	0	0	18.9	0	0	0	0	0	0	0	0	0	0	0	0	0	0	0	0	0	0	0	0	0	0	0	0	0	0	0	0	0	0	0	0	0	0	
10/03/2022 14:56:06	0	0	6	15.03	15.03	1.2	2204	363	3.702	3.7034	18.8	0	False	4.185	4.183333	4.245	4.2	0.4067	0	3.738	3.738	64.4	-0.023	3.702	0	0	0	0	0	0	0	0	0	0	0	0	0	0	0	18.8	0	0	0	0	0	0	0	0	0	0	0	0	0	0	0	0	0	0	0	0	0	0	0	0	0	0	0	0	0	0	0	0	0	0	
10/03/2022 14:56:16	0	0	6	15.02	15.03	1.2	2206	373	3.704	3.7047	18.9	0	False	4.188334	4.208333	4.205	4.2	0.4184	0	3.738	3.738	64.5	-0.023	3.704	0	0	0	0	0	0	0	0	0	0	0	0	0	0	0	18.9	0	0	0	0	0	0	0	0	0	0	0	0	0	0	0	0	0	0	0	0	0	0	0	0	0	0	0	0	0	0	0	0	0	0	
10/03/2022 14:56:26	0	0	6	15.02	15.03	1.1	2206	383	3.706	3.7072	18.9	0	False	4.195	4.191667	4.19	4.2	0.43	0	3.738	3.738	64.6	-0.034	3.706	0	0	0	0	0	0	0	0	0	0	0	0	0	0	0	18.9	0	0	0	0	0	0	0	0	0	0	0	0	0	0	0	0	0	0	0	0	0	0	0	0	0	0	0	0	0	0	0	0	0	0	
10/03/2022 14:56:36	0	0	6	15.03	15.03	1.1	2206	393	3.708	3.7086	18.9	0	False	4.185	4.165	4.135	4.2	0.4417	0	3.738	3.738	64.7	-0.034	3.708	0	0	0	0	0	0	0	0	0	0	0	0	0	0	0	18.9	0	0	0	0	0	0	0	0	0	0	0	0	0	0	0	0	0	0	0	0	0	0	0	0	0	0	0	0	0	0	0	0	0	0	
10/03/2022 14:56:46	0	0	6	15.03	15.03	1.2	2208	403	3.71	3.7109	18.7	0	False	4.185	4.221667	4.235	4.2	0.4534	0	3.738	3.739	64.8	-0.034	3.71	0	0	0	0	0	0	0	0	0	0	0	0	0	0	0	18.7	0	0	0	0	0	0	0	0	0	0	0	0	0	0	0	0	0	0	0	0	0	0	0	0	0	0	0	0	0	0	0	0	0	0	
10/03/2022 14:56:56	0	0	6	15.03	15.03	1.2	2208	413	3.712	3.7134	18.8	0	False	4.198333	4.2	4.2	4.2	0.465	0	3.75	3.75	64.8	-0.034	3.712	0	0	0	0	0	0	0	0	0	0	0	0	0	0	0	18.8	0	0	0	0	0	0	0	0	0	0	0	0	0	0	0	0	0	0	0	0	0	0	0	0	0	0	0	0	0	0	0	0	0	0	
10/03/2022 14:57:07	0	0	6	15.03	15.03	1.1	2210	423	3.714	3.715	18.7	0	False	4.19	4.195	4.188334	4.2	0.4766	0	3.75	3.75	65.1	-0.034	3.714	0	0	0	0	0	0	0	0	0	0	0	0	0	0	0	18.7	0	0	0	0	0	0	0	0	0	0	0	0	0	0	0	0	0	0	0	0	0	0	0	0	0	0	0	0	0	0	0	0	0	0	
10/03/2022 14:57:17	0	0	6	15.03	15.03	1.1	2210	433	3.716	3.7172	18.6	0	False	4.185	4.195	4.14	4.2	0.4883	0	3.738	3.75	65.1	-0.023	3.716	0	0	0	0	0	0	0	0	0	0	0	0	0	0	0	18.6	0	0	0	0	0	0	0	0	0	0	0	0	0	0	0	0	0	0	0	0	0	0	0	0	0	0	0	0	0	0	0	0	0	0	
10/03/2022 14:57:27	0	0	6	15.03	15.03	1.2	2212	443	3.719	3.7197	18.7	0	False	4.191667	4.213333	4.245	4.2	0.4999	0	3.75	3.75	65.2	-0.034	3.719	0	0	0	0	0	0	0	0	0	0	0	0	0	0	0	18.7	0	0	0	0	0	0	0	0	0	0	0	0	0	0	0	0	0	0	0	0	0	0	0	0	0	0	0	0	0	0	0	0	0	0	
10/03/2022 14:57:37	0	0	6	15.03	15.03	1.2	2214	453	3.72	3.7209	18.7	0	False	4.196667	4.196667	4.19	4.2	0.5116	0	3.75	3.751	65.3	-0.034	3.72	0	0	0	0	0	0	0	0	0	0	0	0	0	0	0	18.7	0	0	0	0	0	0	0	0	0	0	0	0	0	0	0	0	0	0	0	0	0	0	0	0	0	0	0	0	0	0	0	0	0	0	
10/03/2022 14:57:47	0	0	6	15.03	15.03	1.1	2214	463	3.723	3.7234	18.6	0	False	4.191667	4.166667	4.155	4.2	0.5232	0	3.75	3.761	65.5	-0.034	3.723	0	0	0	0	0	0	0	0	0	0	0	0	0	0	0	18.6	0	0	0	0	0	0	0	0	0	0	0	0	0	0	0	0	0	0	0	0	0	0	0	0	0	0	0	0	0	0	0	0	0	0	
10/03/2022 14:57:57	0	0	6	15.03	15.03	1.1	2214	473	3.724	3.7254	18.6	0	False	4.19	4.196667	4.128334	4.2	0.5349	0	3.761	3.761	65.5	-0.023	3.724	0	0	0	0	0	0	0	0	0	0	0	0	0	0	0	18.6	0	0	0	0	0	0	0	0	0	0	0	0	0	0	0	0	0	0	0	0	0	0	0	0	0	0	0	0	0	0	0	0	0	0	
10/03/2022 14:58:07	0	0	6	15.03	15.03	1.2	2216	483	3.727	3.7276	18.6	0	False	4.195	4.211667	4.19	4.2	0.5465	0	3.761	3.762	65.6	-0.034	3.727	0	0	0	0	0	0	0	0	0	0	0	0	0	0	0	18.6	0	0	0	0	0	0	0	0	0	0	0	0	0	0	0	0	0	0	0	0	0	0	0	0	0	0	0	0	0	0	0	0	0	0	
10/03/2022 14:58:17	0	0	6	15.03	15.03	1.2	2218	493	3.729	3.7297	18.6	0	False	4.191667	4.173333	4.173333	4.2	0.5582	0	3.761	3.761	65.8	-0.034	3.729	0	0	0	0	0	0	0	0	0	0	0	0	0	0	0	18.6	0	0	0	0	0	0	0	0	0	0	0	0	0	0	0	0	0	0	0	0	0	0	0	0	0	0	0	0	0	0	0	0	0	0	
10/03/2022 14:58:27	0	0	6	15.03	15.03	1.2	2218	503	3.731	3.7322	18.6	0	False	4.185	4.205	4.173333	4.2	0.5698	0	3.761	3.761	65.8	-0.034	3.731	0	0	0	0	0	0	0	0	0	0	0	0	0	0	0	18.6	0	0	0	0	0	0	0	0	0	0	0	0	0	0	0	0	0	0	0	0	0	0	0	0	0	0	0	0	0	0	0	0	0	0	
10/03/2022 14:58:37	0	0	6	15.03	15.03	1.2	2220	513	3.733	3.7334	18.5	0	False	4.185	4.203333	4.211667	4.2	0.5814	0	3.761	3.766	65.9	-0.034	3.733	0	0	0	0	0	0	0	0	0	0	0	0	0	0	0	18.5	0	0	0	0	0	0	0	0	0	0	0	0	0	0	0	0	0	0	0	0	0	0	0	0	0	0	0	0	0	0	0	0	0	0	
10/03/2022 14:58:47	0	0	6	15.03	15.03	1.2	2220	523	3.735	3.7359	18.6	0	False	4.201667	4.195	4.173333	4.2	0.593	0	3.761	3.773	66.1	-0.023	3.735	0	0	0	0	0	0	0	0	0	0	0	0	0	0	0	18.6	0	0	0	0	0	0	0	0	0	0	0	0	0	0	0	0	0	0	0	0	0	0	0	0	0	0	0	0	0	0	0	0	0	0	
10/03/2022 14:58:57	0	0	6	15.03	15.03	1.2	2224	533	3.738	3.7384	18.7	0	False	4.185	4.195	4.266667	4.2	0.6046	0	3.761	3.773	66.2	-0.023	3.738	0	0	0	0	0	0	0	0	0	0	0	0	0	0	0	18.7	0	0	0	0	0	0	0	0	0	0	0	0	0	0	0	0	0	0	0	0	0	0	0	0	0	0	0	0	0	0	0	0	0	0	
10/03/2022 14:59:07	0	0	6	15.03	15.03	1.2	2224	543	3.739	3.7401	18.7	0	False	4.185	4.188334	4.211667	4.2	0.6162	0	3.773	3.773	66.3	-0.034	3.739	0	0	0	0	0	0	0	0	0	0	0	0	0	0	0	18.7	0	0	0	0	0	0	0	0	0	0	0	0	0	0	0	0	0	0	0	0	0	0	0	0	0	0	0	0	0	0	0	0	0	0	
10/03/2022 14:59:17	0	0	6	15.03	15.03	1.2	2224	553	3.742	3.7423	18.8	0	False	4.19	4.201667	4.223333	4.2	0.6279	0	3.773	3.773	66.3	-0.034	3.742	0	0	0	0	0	0	0	0	0	0	0	0	0	0	0	18.8	0	0	0	0	0	0	0	0	0	0	0	0	0	0	0	0	0	0	0	0	0	0	0	0	0	0	0	0	0	0	0	0	0	0	
10/03/2022 14:59:28	0	0	6	15.03	15.03	1.1	2226	563	3.744	3.7447	18.8	0	False	4.188334	4.186666	4.151667	4.2	0.6396	0	3.773	3.774	66.6	-0.034	3.744	0	0	0	0	0	0	0	0	0	0	0	0	0	0	0	18.8	0	0	0	0	0	0	0	0	0	0	0	0	0	0	0	0	0	0	0	0	0	0	0	0	0	0	0	0	0	0	0	0	0	0	
10/03/2022 14:59:38	0	0	6	15.03	15.03	1.1	2226	573	3.746	3.7472	18.7	0	False	4.188334	4.173333	4.151667	4.2	0.6512	0	3.773	3.784	66.6	-0.023	3.746	0	0	0	0	0	0	0	0	0	0	0	0	0	0	0	18.7	0	0	0	0	0	0	0	0	0	0	0	0	0	0	0	0	0	0	0	0	0	0	0	0	0	0	0	0	0	0	0	0	0	0	
10/03/2022 14:59:48	0	0	6	15.03	15.03	1.2	2228	583	3.749	3.7497	18.8	0	False	4.198333	4.208333	4.223333	4.2	0.6629	0	3.773	3.784	66.7	-0.034	3.749	0	0	0	0	0	0	0	0	0	0	0	0	0	0	0	18.8	0	0	0	0	0	0	0	0	0	0	0	0	0	0	0	0	0	0	0	0	0	0	0	0	0	0	0	0	0	0	0	0	0	0	
10/03/2022 14:59:58	0	0	6	15.03	15.03	1.2	2230	593	3.751	3.7522	18.8	0	False	4.191667	4.181667	4.19	4.2	0.6746	0	3.784	3.784	66.8	-0.034	3.751	0	0	0	0	0	0	0	0	0	0	0	0	0	0	0	18.8	0	0	0	0	0	0	0	0	0	0	0	0	0	0	0	0	0	0	0	0	0	0	0	0	0	0	0	0	0	0	0	0	0	0	
10/03/2022 15:00:08	0	0	6	15.03	15.03	1.2	2232	603	3.754	3.7547	18.7	0	False	4.191667	4.208333	4.235	4.2	0.6862	0	3.773	3.784	67	-0.023	3.754	0	0	0	0	0	0	0	0	0	0	0	0	0	0	0	18.7	0	0	0	0	0	0	0	0	0	0	0	0	0	0	0	0	0	0	0	0	0	0	0	0	0	0	0	0	0	0	0	0	0	0	
10/03/2022 15:00:18	0	0	6	15.03	15.03	1.2	2232	613	3.756	3.7572	18.7	0	False	4.198333	4.205	4.205	4.2	0.6979	0	3.784	3.786	67.1	-0.034	3.756	0	0	0	0	0	0	0	0	0	0	0	0	0	0	0	18.7	0	0	0	0	0	0	0	0	0	0	0	0	0	0	0	0	0	0	0	0	0	0	0	0	0	0	0	0	0	0	0	0	0	0	
10/03/2022 15:00:28	0	0	6	15.03	15.03	1.2	2234	624	3.758	3.7595	18.7	0	False	4.191667	4.176667	4.151667	4.2	0.7107	0	3.784	3.796	67.2	-0.023	3.758	0	0	0	0	0	0	0	0	0	0	0	0	0	0	0	18.7	0	0	0	0	0	0	0	0	0	0	0	0	0	0	0	0	0	0	0	0	0	0	0	0	0	0	0	0	0	0	0	0	0	0	
10/03/2022 15:00:38	0	0	6	15.03	15.03	1.2	2234	634	3.761	3.7619	18.6	0	False	4.185	4.176667	4.135	4.2	0.7223	0	3.784	3.796	67.3	-0.034	3.761	0	0	0	0	0	0	0	0	0	0	0	0	0	0	0	18.6	0	0	0	0	0	0	0	0	0	0	0	0	0	0	0	0	0	0	0	0	0	0	0	0	0	0	0	0	0	0	0	0	0	0	
10/03/2022 15:00:48	0	0	6	15.03	15.03	1.2	2238	644	3.763	3.7647	18.6	0	False	4.191667	4.205	4.2	4.2	0.734	0	3.796	3.796	67.4	-0.034	3.763	0	0	0	0	0	0	0	0	0	0	0	0	0	0	0	18.6	0	0	0	0	0	0	0	0	0	0	0	0	0	0	0	0	0	0	0	0	0	0	0	0	0	0	0	0	0	0	0	0	0	0	
10/03/2022 15:00:58	0	0	6	15.02	15.03	1.2	2240	654	3.766	3.767	18.5	0	False	4.186666	4.175	4.173333	4.2	0.7456	0	3.796	3.796	67.6	-0.034	3.766	0	0	0	0	0	0	0	0	0	0	0	0	0	0	0	18.5	0	0	0	0	0	0	0	0	0	0	0	0	0	0	0	0	0	0	0	0	0	0	0	0	0	0	0	0	0	0	0	0	0	0	
10/03/2022 15:01:08	0	0	6	15.03	15.03	1.2	2238	664	3.768	3.7697	18.6	0	False	4.183333	4.2	4.246666	4.2	0.7572	0	3.796	3.807	67.7	-0.034	3.768	0	0	0	0	0	0	0	0	0	0	0	0	0	0	0	18.6	0	0	0	0	0	0	0	0	0	0	0	0	0	0	0	0	0	0	0	0	0	0	0	0	0	0	0	0	0	0	0	0	0	0	
10/03/2022 15:01:19	0	0	6	15.03	15.03	1.2	2240	674	3.771	3.7722	18.4	0	False	4.196667	4.21	4.223333	4.2	0.769	0	3.807	3.807	67.8	-0.023	3.771	0	0	0	0	0	0	0	0	0	0	0	0	0	0	0	18.4	0	0	0	0	0	0	0	0	0	0	0	0	0	0	0	0	0	0	0	0	0	0	0	0	0	0	0	0	0	0	0	0	0	0	
10/03/2022 15:01:29	0	0	6	15.03	15.03	1.2	2242	684	3.774	3.7747	18.6	0	False	4.186666	4.176667	4.151667	4.2	0.7806	0	3.807	3.807	68.1	-0.034	3.774	0	0	0	0	0	0	0	0	0	0	0	0	0	0	0	18.6	0	0	0	0	0	0	0	0	0	0	0	0	0	0	0	0	0	0	0	0	0	0	0	0	0	0	0	0	0	0	0	0	0	0	
10/03/2022 15:01:39	0	0	6	15.03	15.03	1.2	2244	694	3.776	3.7772	18.4	0	False	4.186666	4.188334	4.223333	4.2	0.7922	0	3.807	3.81	68.2	-0.034	3.776	0	0	0	0	0	0	0	0	0	0	0	0	0	0	0	18.4	0	0	0	0	0	0	0	0	0	0	0	0	0	0	0	0	0	0	0	0	0	0	0	0	0	0	0	0	0	0	0	0	0	0	
10/03/2022 15:01:49	0	0	6	15.03	15.03	1.1	2246	704	3.779	3.7798	18.6	0	False	4.193333	4.188334	4.085	4.2	0.8039	0	3.807	3.819	68.2	-0.034	3.779	0	0	0	0	0	0	0	0	0	0	0	0	0	0	0	18.6	0	0	0	0	0	0	0	0	0	0	0	0	0	0	0	0	0	0	0	0	0	0	0	0	0	0	0	0	0	0	0	0	0	0	
10/03/2022 15:01:59	0	0	6	15.03	15.03	1.2	2246	714	3.782	3.7825	18.5	0	False	4.186666	4.203333	4.178333	4.2	0.8156	0	3.807	3.819	68.3	-0.023	3.782	0	0	0	0	0	0	0	0	0	0	0	0	0	0	0	18.5	0	0	0	0	0	0	0	0	0	0	0	0	0	0	0	0	0	0	0	0	0	0	0	0	0	0	0	0	0	0	0	0	0	0	
10/03/2022 15:02:09	0	0	6	15.03	15.03	1.2	2246	724	3.784	3.7853	18.4	0	False	4.19	4.198333	4.116667	4.2	0.8272	0	3.819	3.819	68.5	-0.034	3.784	0	0	0	0	0	0	0	0	0	0	0	0	0	0	0	18.4	0	0	0	0	0	0	0	0	0	0	0	0	0	0	0	0	0	0	0	0	0	0	0	0	0	0	0	0	0	0	0	0	0	0	
10/03/2022 15:02:19	0	0	6	15.03	15.03	1.2	2250	734	3.787	3.7884	18.4	0	False	4.193333	4.19	4.178333	4.2	0.8389	0	3.819	3.82	68.7	-0.034	3.787	0	0	0	0	0	0	0	0	0	0	0	0	0	0	0	18.4	0	0	0	0	0	0	0	0	0	0	0	0	0	0	0	0	0	0	0	0	0	0	0	0	0	0	0	0	0	0	0	0	0	0	
10/03/2022 15:02:29	0	0	6	15.03	15.03	1.2	2250	744	3.79	3.7909	18.3	0	False	4.188334	4.2	4.151667	4.2	0.8505	0	3.819	3.83	68.8	-0.034	3.79	0	0	0	0	0	0	0	0	0	0	0	0	0	0	0	18.3	0	0	0	0	0	0	0	0	0	0	0	0	0	0	0	0	0	0	0	0	0	0	0	0	0	0	0	0	0	0	0	0	0	0	
10/03/2022 15:02:39	0	0	6	15.03	15.03	1.2	2252	754	3.793	3.7934	18.3	0	False	4.195	4.203333	4.228333	4.2	0.8622	0	3.83	3.83	69	-0.034	3.793	0	0	0	0	0	0	0	0	0	0	0	0	0	0	0	18.3	0	0	0	0	0	0	0	0	0	0	0	0	0	0	0	0	0	0	0	0	0	0	0	0	0	0	0	0	0	0	0	0	0	0	
10/03/2022 15:02:49	0	0	6	15.03	15.03	1.2	2254	764	3.795	3.7959	18.4	0	False	4.186666	4.17	4.161667	4.2	0.8738	0	3.83	3.83	69.1	-0.034	3.795	0	0	0	0	0	0	0	0	0	0	0	0	0	0	0	18.4	0	0	0	0	0	0	0	0	0	0	0	0	0	0	0	0	0	0	0	0	0	0	0	0	0	0	0	0	0	0	0	0	0	0	
10/03/2022 15:02:59	0	0	6	15.03	15.03	1.2	2254	772	3.798	3.7984	18.2	0	False	4.186666	4.191667	4.14	4.2	0.8831	0	3.83	3.83	69.2	-0.034	3.798	0	0	0	0	0	0	0	0	0	0	0	0	0	0	0	18.2	0	0	0	0	0	0	0	0	0	0	0	0	0	0	0	0	0	0	0	0	0	0	0	0	0	0	0	0	0	0	0	0	0	0	
10/03/2022 15:03:09	0	0	6	15.03	15.03	1.2	2256	784	3.801	3.8022	18.3	0	False	4.193333	4.19	4.186666	4.2	0.8971	0	3.842	3.837	69.3	-0.034	3.801	0	0	0	0	0	0	0	0	0	0	0	0	0	0	0	18.3	0	0	0	0	0	0	0	0	0	0	0	0	0	0	0	0	0	0	0	0	0	0	0	0	0	0	0	0	0	0	0	0	0	0	
10/03/2022 15:03:20	0	0	6	15.03	15.03	1.2	2260	794	3.804	3.8047	18.3	0	False	4.18	4.175	4.273334	4.2	0.9088	0	3.842	3.842	69.6	-0.023	3.804	0	0	0	0	0	0	0	0	0	0	0	0	0	0	0	18.3	0	0	0	0	0	0	0	0	0	0	0	0	0	0	0	0	0	0	0	0	0	0	0	0	0	0	0	0	0	0	0	0	0	0	
10/03/2022 15:03:30	0	0	6	15.03	15.03	1.2	2260	804	3.807	3.8078	18.2	0	False	4.186666	4.206666	4.235	4.2	0.9204	0	3.842	3.842	69.6	-0.034	3.807	0	0	0	0	0	0	0	0	0	0	0	0	0	0	0	18.2	0	0	0	0	0	0	0	0	0	0	0	0	0	0	0	0	0	0	0	0	0	0	0	0	0	0	0	0	0	0	0	0	0	0	
10/03/2022 15:03:40	0	0	6	15.03	15.03	1.2	2262	814	3.811	3.8117	18.4	0	False	4.186666	4.175	4.19	4.2	0.9321	0	3.842	3.844	69.8	-0.034	3.811	0	0	0	0	0	0	0	0	0	0	0	0	0	0	0	18.4	0	0	0	0	0	0	0	0	0	0	0	0	0	0	0	0	0	0	0	0	0	0	0	0	0	0	0	0	0	0	0	0	0	0	
10/03/2022 15:03:50	0	0	6	15.03	15.03	1.2	2262	824	3.814	3.8147	18.2	0	False	4.193333	4.198333	4.148334	4.2	0.9437	0	3.842	3.845	70	-0.034	3.814	0	0	0	0	0	0	0	0	0	0	0	0	0	0	0	18.2	0	0	0	0	0	0	0	0	0	0	0	0	0	0	0	0	0	0	0	0	0	0	0	0	0	0	0	0	0	0	0	0	0	0	
10/03/2022 15:04:00	0	0	6	15.03	15.03	1.2	2264	834	3.817	3.818	18.2	0	False	4.2	4.2	4.223333	4.2	0.9554	0	3.853	3.853	70.2	-0.034	3.817	0	0	0	0	0	0	0	0	0	0	0	0	0	0	0	18.2	0	0	0	0	0	0	0	0	0	0	0	0	0	0	0	0	0	0	0	0	0	0	0	0	0	0	0	0	0	0	0	0	0	0	
10/03/2022 15:04:10	0	0	6	15.03	15.03	1.2	2268	844	3.82	3.8209	18.1	0	False	4.186666	4.176667	4.245	4.2	0.967	0	3.853	3.853	70.3	-0.034	3.82	0	0	0	0	0	0	0	0	0	0	0	0	0	0	0	18.1	0	0	0	0	0	0	0	0	0	0	0	0	0	0	0	0	0	0	0	0	0	0	0	0	0	0	0	0	0	0	0	0	0	0	
10/03/2022 15:04:20	0	0	6	15.03	15.03	1.2	2268	854	3.823	3.8234	17.8	0	False	4.193333	4.216667	4.208333	4.2	0.9786	0	3.853	3.853	70.3	-0.034	3.823	0	0	0	0	0	0	0	0	0	0	0	0	0	0	0	17.8	0	0	0	0	0	0	0	0	0	0	0	0	0	0	0	0	0	0	0	0	0	0	0	0	0	0	0	0	0	0	0	0	0	0	
10/03/2022 15:04:30	0	0	6	15.03	15.03	1.2	2268	864	3.825	3.8259	18	0	False	4.19	4.186666	4.213333	4.2	0.9903	0	3.853	3.862	70.6	-0.034	3.825	0	0	0	0	0	0	0	0	0	0	0	0	0	0	0	18	0	0	0	0	0	0	0	0	0	0	0	0	0	0	0	0	0	0	0	0	0	0	0	0	0	0	0	0	0	0	0	0	0	0	
10/03/2022 15:04:40	0	0	6	15.03	15.03	1.2	2270	874	3.828	3.8295	17.9	0	False	4.201667	4.213333	4.14	4.2	1.0019	0	3.853	3.865	70.7	-0.023	3.828	0	0	0	0	0	0	0	0	0	0	0	0	0	0	0	17.9	0	0	0	0	0	0	0	0	0	0	0	0	0	0	0	0	0	0	0	0	0	0	0	0	0	0	0	0	0	0	0	0	0	0	
10/03/2022 15:04:50	0	0	6	15.03	15.03	1.2	2274	884	3.831	3.8322	17.9	0	False	4.205	4.203333	4.185	4.2	1.0136	0	3.865	3.865	70.8	-0.034	3.831	0	0	0	0	0	0	0	0	0	0	0	0	0	0	0	17.9	0	0	0	0	0	0	0	0	0	0	0	0	0	0	0	0	0	0	0	0	0	0	0	0	0	0	0	0	0	0	0	0	0	0	
10/03/2022 15:05:00	0	0	6	15.03	15.03	1.2	2274	894	3.834	3.8347	18	0	False	4.196667	4.21	4.14	4.2	1.0253	0	3.865	3.869	71	-0.034	3.834	0	0	0	0	0	0	0	0	0	0	0	0	0	0	0	18	0	0	0	0	0	0	0	0	0	0	0	0	0	0	0	0	0	0	0	0	0	0	0	0	0	0	0	0	0	0	0	0	0	0	
10/03/2022 15:05:11	0	0	6	15.03	15.03	1.2	2274	904	3.837	3.8373	17.9	0	False	4.196667	4.18	4.125	4.2	1.0369	0	3.865	3.876	71.1	-0.034	3.837	0	0	0	0	0	0	0	0	0	0	0	0	0	0	0	17.9	0	0	0	0	0	0	0	0	0	0	0	0	0	0	0	0	0	0	0	0	0	0	0	0	0	0	0	0	0	0	0	0	0	0	
10/03/2022 15:05:21	0	0	6	15.03	15.03	1.2	2276	914	3.84	3.8408	18	0	False	4.196667	4.188334	4.178333	4.2	1.0485	0	3.876	3.876	71.2	-0.034	3.84	0	0	0	0	0	0	0	0	0	0	0	0	0	0	0	18	0	0	0	0	0	0	0	0	0	0	0	0	0	0	0	0	0	0	0	0	0	0	0	0	0	0	0	0	0	0	0	0	0	0	
10/03/2022 15:05:31	0	0	6	15.03	15.03	1.2	2278	924	3.843	3.8434	17.9	0	False	4.188334	4.191667	4.14	4.2	1.0601	0	3.876	3.876	71.3	-0.034	3.843	0	0	0	0	0	0	0	0	0	0	0	0	0	0	0	17.9	0	0	0	0	0	0	0	0	0	0	0	0	0	0	0	0	0	0	0	0	0	0	0	0	0	0	0	0	0	0	0	0	0	0	
10/03/2022 15:05:41	0	0	6	15.03	15.03	1.2	2280	934	3.845	3.8459	17.9	0	False	4.195	4.21	4.223333	4.2	1.0718	0	3.876	3.877	71.6	-0.034	3.845	0	0	0	0	0	0	0	0	0	0	0	0	0	0	0	17.9	0	0	0	0	0	0	0	0	0	0	0	0	0	0	0	0	0	0	0	0	0	0	0	0	0	0	0	0	0	0	0	0	0	0	
10/03/2022 15:05:51	0	0	6	15.03	15.03	1.2	2282	944	3.848	3.8486	17.9	0	False	4.188334	4.171667	4.163333	4.2	1.0834	0	3.888	3.888	71.7	-0.046	3.848	0	0	0	0	0	0	0	0	0	0	0	0	0	0	0	17.9	0	0	0	0	0	0	0	0	0	0	0	0	0	0	0	0	0	0	0	0	0	0	0	0	0	0	0	0	0	0	0	0	0	0	
10/03/2022 15:06:01	0	0	6	15.03	15.03	1.2	2282	954	3.85	3.8511	17.8	0	False	4.188334	4.178333	4.116667	4.2	1.0951	0	3.888	3.888	71.8	-0.023	3.85	0	0	0	0	0	0	0	0	0	0	0	0	0	0	0	17.8	0	0	0	0	0	0	0	0	0	0	0	0	0	0	0	0	0	0	0	0	0	0	0	0	0	0	0	0	0	0	0	0	0	0	
10/03/2022 15:06:11	0	0	6	15.03	15.03	1.2	2286	964	3.853	3.8547	17.8	0	False	4.195	4.195	4.2	4.2	1.1067	0	3.888	3.888	72	-0.034	3.853	0	0	0	0	0	0	0	0	0	0	0	0	0	0	0	17.8	0	0	0	0	0	0	0	0	0	0	0	0	0	0	0	0	0	0	0	0	0	0	0	0	0	0	0	0	0	0	0	0	0	0	
10/03/2022 15:06:21	0	0	6	15.03	15.03	1.2	2288	974	3.857	3.8572	17.9	0	False	4.183333	4.198333	4.276667	4.2	1.1184	0	3.888	3.893	72.1	-0.034	3.857	0	0	0	0	0	0	0	0	0	0	0	0	0	0	0	17.9	0	0	0	0	0	0	0	0	0	0	0	0	0	0	0	0	0	0	0	0	0	0	0	0	0	0	0	0	0	0	0	0	0	0	
10/03/2022 15:06:31	0	0	6	15.03	15.03	1.2	2288	984	3.859	3.8597	17.8	0	False	4.19	4.181667	4.098333	4.2	1.13	0	3.899	3.899	72.2	-0.046	3.859	0	0	0	0	0	0	0	0	0	0	0	0	0	0	0	17.8	0	0	0	0	0	0	0	0	0	0	0	0	0	0	0	0	0	0	0	0	0	0	0	0	0	0	0	0	0	0	0	0	0	0	
10/03/2022 15:06:41	0	0	6	15.03	15.03	1.2	2288	994	3.862	3.8622	17.7	0	False	4.19	4.176667	4.19	4.2	1.1417	0	3.888	3.899	72.4	-0.034	3.862	0	0	0	0	0	0	0	0	0	0	0	0	0	0	0	17.7	0	0	0	0	0	0	0	0	0	0	0	0	0	0	0	0	0	0	0	0	0	0	0	0	0	0	0	0	0	0	0	0	0	0	
10/03/2022 15:06:51	0	0	6	15.03	15.03	1.2	2290	1004	3.864	3.8647	17.7	0	False	4.185	4.185	4.135	4.2	1.1533	0	3.899	3.899	72.5	-0.034	3.864	0	0	0	0	0	0	0	0	0	0	0	0	0	0	0	17.7	0	0	0	0	0	0	0	0	0	0	0	0	0	0	0	0	0	0	0	0	0	0	0	0	0	0	0	0	0	0	0	0	0	0	
10/03/2022 15:07:01	0	0	6	15.03	15.03	1.2	2294	1014	3.867	3.8672	17.8	0	False	4.195	4.196667	4.19	4.2	1.165	0	3.899	3.9	72.6	-0.034	3.867	0	0	0	0	0	0	0	0	0	0	0	0	0	0	0	17.8	0	0	0	0	0	0	0	0	0	0	0	0	0	0	0	0	0	0	0	0	0	0	0	0	0	0	0	0	0	0	0	0	0	0	
10/03/2022 15:07:12	0	0	6	15.03	15.03	1.2	2294	1024	3.869	3.87	17.9	0	False	4.19	4.175	4.186666	4.2	1.1766	0	3.91	3.91	72.8	-0.034	3.869	0	0	0	0	0	0	0	0	0	0	0	0	0	0	0	17.9	0	0	0	0	0	0	0	0	0	0	0	0	0	0	0	0	0	0	0	0	0	0	0	0	0	0	0	0	0	0	0	0	0	0	
10/03/2022 15:07:22	0	0	6	15.03	15.03	1.2	2298	1035	3.873	3.8734	18	0	False	4.193333	4.195	4.2	4.2	1.1894	0	3.91	3.91	72.8	-0.034	3.873	0	0	0	0	0	0	0	0	0	0	0	0	0	0	0	18	0	0	0	0	0	0	0	0	0	0	0	0	0	0	0	0	0	0	0	0	0	0	0	0	0	0	0	0	0	0	0	0	0	0	
10/03/2022 15:07:32	0	0	6	15.03	15.03	1.2	2298	1045	3.875	3.8759	17.9	0	False	4.2	4.188334	4.168334	4.2	1.2011	0	3.91	3.91	73.1	-0.023	3.875	0	0	0	0	0	0	0	0	0	0	0	0	0	0	0	17.9	0	0	0	0	0	0	0	0	0	0	0	0	0	0	0	0	0	0	0	0	0	0	0	0	0	0	0	0	0	0	0	0	0	0	
10/03/2022 15:07:42	0	0	6	15.03	15.03	1.2	2298	1055	3.878	3.8784	17.9	0	False	4.195	4.191667	4.128334	4.2	1.2127	0	3.91	3.91	73.2	-0.034	3.878	0	0	0	0	0	0	0	0	0	0	0	0	0	0	0	17.9	0	0	0	0	0	0	0	0	0	0	0	0	0	0	0	0	0	0	0	0	0	0	0	0	0	0	0	0	0	0	0	0	0	0	
10/03/2022 15:07:52	0	0	6	15.03	15.03	1.2	2298	1065	3.88	3.8809	18	0	False	4.195	4.18	4.096667	4.2	1.2244	0	3.91	3.913	73.3	-0.034	3.88	0	0	0	0	0	0	0	0	0	0	0	0	0	0	0	18	0	0	0	0	0	0	0	0	0	0	0	0	0	0	0	0	0	0	0	0	0	0	0	0	0	0	0	0	0	0	0	0	0	0	
10/03/2022 15:08:02	0	0	6	15.03	15.03	1.2	2304	1075	3.883	3.8844	17.9	0	False	4.19	4.185	4.19	4.2	1.236	0	3.91	3.922	73.5	-0.034	3.883	0	0	0	0	0	0	0	0	0	0	0	0	0	0	0	17.9	0	0	0	0	0	0	0	0	0	0	0	0	0	0	0	0	0	0	0	0	0	0	0	0	0	0	0	0	0	0	0	0	0	0	
10/03/2022 15:08:12	0	0	6	15.03	15.03	1.2	2302	1085	3.886	3.8867	17.8	0	False	4.183333	4.191667	4.228333	4.2	1.2477	0	3.922	3.922	73.6	-0.023	3.886	0	0	0	0	0	0	0	0	0	0	0	0	0	0	0	17.8	0	0	0	0	0	0	0	0	0	0	0	0	0	0	0	0	0	0	0	0	0	0	0	0	0	0	0	0	0	0	0	0	0	0	
10/03/2022 15:08:22	0	0	6	15.03	15.03	1.2	2304	1095	3.888	3.8895	17.8	0	False	4.193333	4.208333	4.2	4.2	1.2593	0	3.922	3.922	73.7	-0.034	3.888	0	0	0	0	0	0	0	0	0	0	0	0	0	0	0	17.8	0	0	0	0	0	0	0	0	0	0	0	0	0	0	0	0	0	0	0	0	0	0	0	0	0	0	0	0	0	0	0	0	0	0	
10/03/2022 15:08:32	0	0	6	15.03	15.03	1.2	2308	1105	3.891	3.8922	18	0	False	4.191667	4.193333	4.273334	4.2	1.271	0	3.922	3.927	73.8	-0.034	3.891	0	0	0	0	0	0	0	0	0	0	0	0	0	0	0	18	0	0	0	0	0	0	0	0	0	0	0	0	0	0	0	0	0	0	0	0	0	0	0	0	0	0	0	0	0	0	0	0	0	0	
10/03/2022 15:08:42	0	0	6	15.03	15.03	1.2	2306	1115	3.894	3.8947	18	0	False	4.191667	4.21	4.135	4.2	1.2826	0	3.933	3.933	74	-0.034	3.894	0	0	0	0	0	0	0	0	0	0	0	0	0	0	0	18	0	0	0	0	0	0	0	0	0	0	0	0	0	0	0	0	0	0	0	0	0	0	0	0	0	0	0	0	0	0	0	0	0	0	
10/03/2022 15:08:52	0	0	6	15.03	15.03	1.2	2306	1125	3.897	3.8972	18.1	0	False	4.2	4.195	4.075	4.2	1.2943	0	3.933	3.933	74.1	-0.034	3.897	0	0	0	0	0	0	0	0	0	0	0	0	0	0	0	18.1	0	0	0	0	0	0	0	0	0	0	0	0	0	0	0	0	0	0	0	0	0	0	0	0	0	0	0	0	0	0	0	0	0	0	
10/03/2022 15:09:03	0	0	6	15.03	15.03	1.2	2312	1135	3.899	3.8997	18	0	False	4.191667	4.198333	4.255	4.2	1.3059	0	3.933	3.934	74.3	-0.034	3.899	0	0	0	0	0	0	0	0	0	0	0	0	0	0	0	18	0	0	0	0	0	0	0	0	0	0	0	0	0	0	0	0	0	0	0	0	0	0	0	0	0	0	0	0	0	0	0	0	0	0	
10/03/2022 15:09:13	0	0	6	15.03	15.03	1.2	2310	1145	3.902	3.9022	17.8	0	False	4.195	4.206666	4.116667	4.2	1.3176	0	3.933	3.935	74.3	-0.034	3.902	0	0	0	0	0	0	0	0	0	0	0	0	0	0	0	17.8	0	0	0	0	0	0	0	0	0	0	0	0	0	0	0	0	0	0	0	0	0	0	0	0	0	0	0	0	0	0	0	0	0	0	
10/03/2022 15:09:23	0	0	6	15.03	15.03	1.2	2314	1155	3.904	3.9047	18	0	False	4.203333	4.196667	4.185	4.2	1.3293	0	3.933	3.945	74.6	-0.034	3.904	0	0	0	0	0	0	0	0	0	0	0	0	0	0	0	18	0	0	0	0	0	0	0	0	0	0	0	0	0	0	0	0	0	0	0	0	0	0	0	0	0	0	0	0	0	0	0	0	0	0	
10/03/2022 15:09:33	0	0	6	15.03	15.03	1.2	2314	1165	3.907	3.9072	17.9	0	False	4.193333	4.208333	4.151667	4.2	1.3409	0	3.945	3.945	74.6	-0.023	3.907	0	0	0	0	0	0	0	0	0	0	0	0	0	0	0	17.9	0	0	0	0	0	0	0	0	0	0	0	0	0	0	0	0	0	0	0	0	0	0	0	0	0	0	0	0	0	0	0	0	0	0	
10/03/2022 15:09:43	0	0	6	15.03	15.03	1.2	2316	1175	3.909	3.9097	18	0	False	4.196667	4.216667	4.228333	4.2	1.3526	0	3.945	3.945	74.7	-0.034	3.909	0	0	0	0	0	0	0	0	0	0	0	0	0	0	0	18	0	0	0	0	0	0	0	0	0	0	0	0	0	0	0	0	0	0	0	0	0	0	0	0	0	0	0	0	0	0	0	0	0	0	
10/03/2022 15:09:53	0	0	6	15.03	15.03	1.2	2318	1185	3.912	3.9122	17.9	0	False	4.198333	4.19	4.185	4.2	1.3643	0	3.945	3.946	74.9	-0.034	3.912	0	0	0	0	0	0	0	0	0	0	0	0	0	0	0	17.9	0	0	0	0	0	0	0	0	0	0	0	0	0	0	0	0	0	0	0	0	0	0	0	0	0	0	0	0	0	0	0	0	0	0	
10/03/2022 15:10:03	0	0	6	15.03	15.03	1.2	2318	1195	3.914	3.915	17.9	0	False	4.185	4.193333	4.173333	4.2	1.3759	0	3.945	3.953	75	-0.034	3.914	0	0	0	0	0	0	0	0	0	0	0	0	0	0	0	17.9	0	0	0	0	0	0	0	0	0	0	0	0	0	0	0	0	0	0	0	0	0	0	0	0	0	0	0	0	0	0	0	0	0	0	
10/03/2022 15:10:13	0	0	6	15.03	15.03	1.2	2322	1205	3.917	3.9172	17.8	0	False	4.191667	4.201667	4.211667	4.2	1.3876	0	3.956	3.956	75.1	-0.046	3.917	0	0	0	0	0	0	0	0	0	0	0	0	0	0	0	17.8	0	0	0	0	0	0	0	0	0	0	0	0	0	0	0	0	0	0	0	0	0	0	0	0	0	0	0	0	0	0	0	0	0	0	
10/03/2022 15:10:23	0	0	6	15.03	15.03	1.2	2322	1215	3.919	3.9197	17.8	0	False	4.195	4.183333	4.178333	4.2	1.3993	0	3.956	3.956	75.2	-0.034	3.919	0	0	0	0	0	0	0	0	0	0	0	0	0	0	0	17.8	0	0	0	0	0	0	0	0	0	0	0	0	0	0	0	0	0	0	0	0	0	0	0	0	0	0	0	0	0	0	0	0	0	0	
10/03/2022 15:10:33	0	0	6	15.03	15.03	1.2	2324	1225	3.921	3.9222	17.8	0	False	4.185	4.186666	4.255	4.2	1.4109	0	3.956	3.956	75.3	-0.034	3.921	0	0	0	0	0	0	0	0	0	0	0	0	0	0	0	17.8	0	0	0	0	0	0	0	0	0	0	0	0	0	0	0	0	0	0	0	0	0	0	0	0	0	0	0	0	0	0	0	0	0	0	
10/03/2022 15:10:43	0	0	6	15.03	15.03	1.2	2324	1235	3.924	3.9247	17.8	0	False	4.188334	4.213333	4.228333	4.2	1.4225	0	3.956	3.958	75.5	-0.034	3.924	0	0	0	0	0	0	0	0	0	0	0	0	0	0	0	17.8	0	0	0	0	0	0	0	0	0	0	0	0	0	0	0	0	0	0	0	0	0	0	0	0	0	0	0	0	0	0	0	0	0	0	
10/03/2022 15:10:53	0	0	6	15.03	15.03	1.2	2326	1245	3.926	3.9271	17.8	0	False	4.193333	4.19	4.2	4.2	1.4342	0	3.968	3.962	75.6	-0.034	3.926	0	0	0	0	0	0	0	0	0	0	0	0	0	0	0	17.8	0	0	0	0	0	0	0	0	0	0	0	0	0	0	0	0	0	0	0	0	0	0	0	0	0	0	0	0	0	0	0	0	0	0	
10/03/2022 15:11:04	0	0	6	15.03	15.03	1.2	2326	1252	3.928	3.9285	17.9	0	False	4.188334	4.203333	4.155	4.2	1.4423	0	3.956	3.968	75.7	-0.046	3.928	0	0	0	0	0	0	0	0	0	0	0	0	0	0	0	17.9	0	0	0	0	0	0	0	0	0	0	0	0	0	0	0	0	0	0	0	0	0	0	0	0	0	0	0	0	0	0	0	0	0	0	
10/03/2022 15:11:14	0	0	6	15.02	15.03	1.2	2330	1265	3.93	3.9311	17.8	0	False	4.191667	4.191667	4.235	4.2	1.4575	0	3.968	3.968	75.8	-0.034	3.93	0	0	0	0	0	0	0	0	0	0	0	0	0	0	0	17.8	0	0	0	0	0	0	0	0	0	0	0	0	0	0	0	0	0	0	0	0	0	0	0	0	0	0	0	0	0	0	0	0	0	0	
10/03/2022 15:11:24	0	0	6	15.03	15.03	1.2	2330	1275	3.933	3.9335	17.9	0	False	4.198333	4.191667	4.173333	4.2	1.4692	0	3.968	3.968	76	-0.034	3.933	0	0	0	0	0	0	0	0	0	0	0	0	0	0	0	17.9	0	0	0	0	0	0	0	0	0	0	0	0	0	0	0	0	0	0	0	0	0	0	0	0	0	0	0	0	0	0	0	0	0	0	
10/03/2022 15:11:34	0	0	6	15.03	15.03	1.2	2330	1283	3.935	3.936	17.9	0	False	4.191667	4.208333	4.151667	4.2	1.4785	0	3.968	3.969	76	-0.034	3.935	0	0	0	0	0	0	0	0	0	0	0	0	0	0	0	17.9	0	0	0	0	0	0	0	0	0	0	0	0	0	0	0	0	0	0	0	0	0	0	0	0	0	0	0	0	0	0	0	0	0	0	
10/03/2022 15:11:44	0	0	6	15.03	15.03	1.2	2330	1295	3.938	3.9385	17.7	0	False	4.195	4.196667	4.113333	4.2	1.4924	0	3.968	3.971	76.1	-0.046	3.938	0	0	0	0	0	0	0	0	0	0	0	0	0	0	0	17.7	0	0	0	0	0	0	0	0	0	0	0	0	0	0	0	0	0	0	0	0	0	0	0	0	0	0	0	0	0	0	0	0	0	0	
10/03/2022 15:11:54	0	0	6	15.03	15.03	1.2	2332	1305	3.94	3.941	17.9	0	False	4.206666	4.201667	4.178333	4.2	1.5041	0	3.968	3.979	76.3	-0.034	3.94	0	0	0	0	0	0	0	0	0	0	0	0	0	0	0	17.9	0	0	0	0	0	0	0	0	0	0	0	0	0	0	0	0	0	0	0	0	0	0	0	0	0	0	0	0	0	0	0	0	0	0	
10/03/2022 15:12:04	0	0	6	15.03	15.03	1.2	2334	1315	3.942	3.9427	17.8	0	False	4.193333	4.171667	4.173333	4.2	1.5157	0	3.979	3.979	76.4	-0.034	3.942	0	0	0	0	0	0	0	0	0	0	0	0	0	0	0	17.8	0	0	0	0	0	0	0	0	0	0	0	0	0	0	0	0	0	0	0	0	0	0	0	0	0	0	0	0	0	0	0	0	0	0	
10/03/2022 15:12:14	0	0	6	15.03	15.03	1.2	2334	1325	3.945	3.946	17.8	0	False	4.186666	4.148334	4.128334	4.2	1.5274	0	3.979	3.979	76.6	-0.034	3.945	0	0	0	0	0	0	0	0	0	0	0	0	0	0	0	17.8	0	0	0	0	0	0	0	0	0	0	0	0	0	0	0	0	0	0	0	0	0	0	0	0	0	0	0	0	0	0	0	0	0	0	
10/03/2022 15:12:25	0	0	6	15.03	15.03	1.2	2336	1335	3.948	3.9485	17.5	0	False	4.195	4.213333	4.226666	4.2	1.5391	0	3.979	3.988	76.6	-0.034	3.948	0	0	0	0	0	0	0	0	0	0	0	0	0	0	0	17.5	0	0	0	0	0	0	0	0	0	0	0	0	0	0	0	0	0	0	0	0	0	0	0	0	0	0	0	0	0	0	0	0	0	0	
10/03/2022 15:12:35	0	0	6	15.03	15.03	1.2	2336	1344	3.949	3.95	17.5	0	False	4.19	4.2	4.201667	4.2	1.5496	0	3.991	3.991	76.8	-0.034	3.949	0	0	0	0	0	0	0	0	0	0	0	0	0	0	0	17.5	0	0	0	0	0	0	0	0	0	0	0	0	0	0	0	0	0	0	0	0	0	0	0	0	0	0	0	0	0	0	0	0	0	0	
10/03/2022 15:12:45	0	0	6	15.03	15.03	1.2	2340	1355	3.952	3.9524	17.6	0	False	4.188334	4.195	4.266667	4.2	1.5623	0	3.991	3.991	76.9	-0.046	3.952	0	0	0	0	0	0	0	0	0	0	0	0	0	0	0	17.6	0	0	0	0	0	0	0	0	0	0	0	0	0	0	0	0	0	0	0	0	0	0	0	0	0	0	0	0	0	0	0	0	0	0	
10/03/2022 15:12:55	0	0	6	15.03	15.03	1.2	2342	1365	3.954	3.9547	17.5	0	False	4.191667	4.22	4.25	4.2	1.574	0	3.979	3.991	77	-0.034	3.954	0	0	0	0	0	0	0	0	0	0	0	0	0	0	0	17.5	0	0	0	0	0	0	0	0	0	0	0	0	0	0	0	0	0	0	0	0	0	0	0	0	0	0	0	0	0	0	0	0	0	0	
10/03/2022 15:13:05	0	0	6	15.03	15.03	1.2	2342	1375	3.956	3.9572	17.5	0	False	4.193333	4.186666	4.181667	4.2	1.5857	0	3.991	3.991	77.1	-0.034	3.956	0	0	0	0	0	0	0	0	0	0	0	0	0	0	0	17.5	0	0	0	0	0	0	0	0	0	0	0	0	0	0	0	0	0	0	0	0	0	0	0	0	0	0	0	0	0	0	0	0	0	0	
10/03/2022 15:13:15	0	0	6	15.03	15.03	1.2	2342	1385	3.958	3.9589	17.5	0	False	4.183333	4.173333	4.173333	4.2	1.5973	0	3.991	3.996	77.2	-0.034	3.958	0	0	0	0	0	0	0	0	0	0	0	0	0	0	0	17.5	0	0	0	0	0	0	0	0	0	0	0	0	0	0	0	0	0	0	0	0	0	0	0	0	0	0	0	0	0	0	0	0	0	0	
10/03/2022 15:13:25	0	0	6	15.03	15.03	1.2	2346	1395	3.96	3.9611	17.4	0	False	4.186666	4.208333	4.245	4.2	1.6089	0	4.002	4.002	77.3	-0.034	3.96	0	0	0	0	0	0	0	0	0	0	0	0	0	0	0	17.4	0	0	0	0	0	0	0	0	0	0	0	0	0	0	0	0	0	0	0	0	0	0	0	0	0	0	0	0	0	0	0	0	0	0	
10/03/2022 15:13:35	0	0	6	15.03	15.03	1.2	2344	1405	3.963	3.9635	17.5	0	False	4.196667	4.198333	4.2	4.2	1.6206	0	4.002	4.002	77.5	-0.046	3.963	0	0	0	0	0	0	0	0	0	0	0	0	0	0	0	17.5	0	0	0	0	0	0	0	0	0	0	0	0	0	0	0	0	0	0	0	0	0	0	0	0	0	0	0	0	0	0	0	0	0	0	
10/03/2022 15:13:45	0	0	6	15.03	15.03	1.2	2346	1415	3.964	3.9657	17.4	0	False	4.19	4.165	4.143333	4.2	1.6322	0	4.002	4.002	77.6	-0.034	3.964	0	0	0	0	0	0	0	0	0	0	0	0	0	0	0	17.4	0	0	0	0	0	0	0	0	0	0	0	0	0	0	0	0	0	0	0	0	0	0	0	0	0	0	0	0	0	0	0	0	0	0	
10/03/2022 15:13:55	0	0	6	15.03	15.03	1.2	2346	1426	3.967	3.9674	17.4	0	False	4.18	4.173333	4.173333	4.2	1.645	0	4.002	4.002	77.7	-0.034	3.967	0	0	0	0	0	0	0	0	0	0	0	0	0	0	0	17.4	0	0	0	0	0	0	0	0	0	0	0	0	0	0	0	0	0	0	0	0	0	0	0	0	0	0	0	0	0	0	0	0	0	0	
10/03/2022 15:14:05	0	0	6	15.03	15.03	1.2	2350	1436	3.969	3.9697	17.4	0	False	4.19	4.201667	4.19	4.2	1.6566	0	4.002	4.003	77.8	-0.034	3.969	0	0	0	0	0	0	0	0	0	0	0	0	0	0	0	17.4	0	0	0	0	0	0	0	0	0	0	0	0	0	0	0	0	0	0	0	0	0	0	0	0	0	0	0	0	0	0	0	0	0	0	
10/03/2022 15:14:15	0	0	6	15.03	15.03	1.2	2350	1446	3.972	3.9722	17.3	0	False	4.186666	4.175	4.185	4.2	1.6683	0	4.002	4.014	77.9	-0.034	3.972	0	0	0	0	0	0	0	0	0	0	0	0	0	0	0	17.3	0	0	0	0	0	0	0	0	0	0	0	0	0	0	0	0	0	0	0	0	0	0	0	0	0	0	0	0	0	0	0	0	0	0	
10/03/2022 15:14:25	0	0	6	15.03	15.03	1.2	2352	1456	3.974	3.9747	17.3	0	False	4.195	4.213333	4.24	4.2	1.68	0	4.014	4.014	78	-0.034	3.974	0	0	0	0	0	0	0	0	0	0	0	0	0	0	0	17.3	0	0	0	0	0	0	0	0	0	0	0	0	0	0	0	0	0	0	0	0	0	0	0	0	0	0	0	0	0	0	0	0	0	0	
10/03/2022 15:14:36	0	0	6	15.03	15.03	1.2	2350	1466	3.976	3.9766	17.4	0	False	4.201667	4.205	4.2	4.2	1.6916	0	4.014	4.014	78.1	-0.034	3.976	0	0	0	0	0	0	0	0	0	0	0	0	0	0	0	17.4	0	0	0	0	0	0	0	0	0	0	0	0	0	0	0	0	0	0	0	0	0	0	0	0	0	0	0	0	0	0	0	0	0	0	
10/03/2022 15:14:46	0	0	6	15.05	15.03	1.3	2356	1476	3.978	3.9789	17.5	0	False	4.198333	4.178333	4.25	4.2	1.7033	0	4.014	4.014	78.2	-0.034	3.978	0	0	0	0	0	0	0	0	0	0	0	0	0	0	0	17.5	0	0	0	0	0	0	0	0	0	0	0	0	0	0	0	0	0	0	0	0	0	0	0	0	0	0	0	0	0	0	0	0	0	0	
10/03/2022 15:14:56	0	0	6	15.03	15.03	1.3	2354	1486	3.98	3.9811	17.5	0	False	4.198333	4.22	4.273334	4.2	1.715	0	4.014	4.014	78.3	-0.034	3.98	0	0	0	0	0	0	0	0	0	0	0	0	0	0	0	17.5	0	0	0	0	0	0	0	0	0	0	0	0	0	0	0	0	0	0	0	0	0	0	0	0	0	0	0	0	0	0	0	0	0	0	
10/03/2022 15:15:06	0	0	6	15.03	15.03	1.2	2354	1496	3.983	3.9836	17.4	0	False	4.205	4.211667	4.103333	4.2	1.7267	0	4.014	4.022	78.5	-0.034	3.983	0	0	0	0	0	0	0	0	0	0	0	0	0	0	0	17.4	0	0	0	0	0	0	0	0	0	0	0	0	0	0	0	0	0	0	0	0	0	0	0	0	0	0	0	0	0	0	0	0	0	0	
10/03/2022 15:15:16	0	0	6	15.03	15.03	1.2	2356	1506	3.985	3.986	17.3	0	False	4.191667	4.176667	4.173333	4.2	1.7383	0	4.025	4.025	78.6	-0.034	3.985	0	0	0	0	0	0	0	0	0	0	0	0	0	0	0	17.3	0	0	0	0	0	0	0	0	0	0	0	0	0	0	0	0	0	0	0	0	0	0	0	0	0	0	0	0	0	0	0	0	0	0	
10/03/2022 15:15:26	0	0	6	15.03	15.03	1.2	2358	1516	3.988	3.9885	17.3	0	False	4.186666	4.213333	4.128334	4.2	1.7499	0	4.025	4.025	78.7	-0.034	3.988	0	0	0	0	0	0	0	0	0	0	0	0	0	0	0	17.3	0	0	0	0	0	0	0	0	0	0	0	0	0	0	0	0	0	0	0	0	0	0	0	0	0	0	0	0	0	0	0	0	0	0	
10/03/2022 15:15:36	0	0	6	15.03	15.03	1.3	2362	1526	3.99	3.9911	17.4	0	False	4.195	4.203333	4.321667	4.2	1.7616	0	4.025	4.025	78.8	-0.034	3.99	0	0	0	0	0	0	0	0	0	0	0	0	0	0	0	17.4	0	0	0	0	0	0	0	0	0	0	0	0	0	0	0	0	0	0	0	0	0	0	0	0	0	0	0	0	0	0	0	0	0	0	
10/03/2022 15:15:46	0	0	6	15.03	15.03	1.3	2364	1536	3.993	3.9939	17.4	0	False	4.186666	4.186666	4.285	4.2	1.7732	0	4.025	4.028	79	-0.034	3.993	0	0	0	0	0	0	0	0	0	0	0	0	0	0	0	17.4	0	0	0	0	0	0	0	0	0	0	0	0	0	0	0	0	0	0	0	0	0	0	0	0	0	0	0	0	0	0	0	0	0	0	
10/03/2022 15:15:56	0	0	6	15.03	15.03	1.2	2362	1546	3.995	3.9963	17.3	0	False	4.193333	4.195	4.113333	4.2	1.7848	0	4.025	4.037	79.1	-0.034	3.995	0	0	0	0	0	0	0	0	0	0	0	0	0	0	0	17.3	0	0	0	0	0	0	0	0	0	0	0	0	0	0	0	0	0	0	0	0	0	0	0	0	0	0	0	0	0	0	0	0	0	0	
10/03/2022 15:16:06	0	0	6	15.03	15.03	1.2	2366	1556	3.999	3.9997	17.4	0	False	4.2	4.181667	4.173333	4.2	1.7965	0	4.037	4.037	79.3	-0.023	3.999	0	0	0	0	0	0	0	0	0	0	0	0	0	0	0	17.4	0	0	0	0	0	0	0	0	0	0	0	0	0	0	0	0	0	0	0	0	0	0	0	0	0	0	0	0	0	0	0	0	0	0	
10/03/2022 15:16:16	0	0	6	15.03	15.03	1.2	2366	1566	4.002	4.0022	17.3	0	False	4.19	4.205	4.135	4.2	1.8082	0	4.037	4.037	79.3	-0.034	4.002	0	0	0	0	0	0	0	0	0	0	0	0	0	0	0	17.3	0	0	0	0	0	0	0	0	0	0	0	0	0	0	0	0	0	0	0	0	0	0	0	0	0	0	0	0	0	0	0	0	0	0	
10/03/2022 15:16:26	0	0	6	15.03	15.03	1.2	2366	1576	4.004	4.0054	17.4	0	False	4.19	4.216667	4.113333	4.2	1.8198	0	4.037	4.048	79.5	-0.034	4.004	0	0	0	0	0	0	0	0	0	0	0	0	0	0	0	17.4	0	0	0	0	0	0	0	0	0	0	0	0	0	0	0	0	0	0	0	0	0	0	0	0	0	0	0	0	0	0	0	0	0	0	
10/03/2022 15:16:36	0	0	6	15.03	15.03	1.3	2372	1586	4.008	4.0085	17.4	0	False	4.196667	4.181667	4.185	4.2	1.8315	0	4.037	4.048	79.7	-0.046	4.008	0	0	0	0	0	0	0	0	0	0	0	0	0	0	0	17.4	0	0	0	0	0	0	0	0	0	0	0	0	0	0	0	0	0	0	0	0	0	0	0	0	0	0	0	0	0	0	0	0	0	0	
10/03/2022 15:16:46	0	0	6	15.03	15.03	1.3	2372	1596	4.01	4.011	17.4	0	False	4.19	4.18	4.223333	4.2	1.8431	0	4.048	4.048	79.8	-0.034	4.01	0	0	0	0	0	0	0	0	0	0	0	0	0	0	0	17.4	0	0	0	0	0	0	0	0	0	0	0	0	0	0	0	0	0	0	0	0	0	0	0	0	0	0	0	0	0	0	0	0	0	0	
10/03/2022 15:16:57	0	0	6	15.03	15.03	1.2	2374	1604	4.013	4.0143	17.6	0	False	4.198333	4.188334	4.185	4.2	1.8525	0	4.048	4.051	80.1	-0.034	4.013	0	0	0	0	0	0	0	0	0	0	0	0	0	0	0	17.6	0	0	0	0	0	0	0	0	0	0	0	0	0	0	0	0	0	0	0	0	0	0	0	0	0	0	0	0	0	0	0	0	0	0	
10/03/2022 15:17:07	0	0	6	15.03	15.03	1.2	2374	1616	4.017	4.0175	17.5	0	False	4.186666	4.178333	4.173333	4.2	1.8664	0	4.048	4.06	80.4	-0.034	4.017	0	0	0	0	0	0	0	0	0	0	0	0	0	0	0	17.5	0	0	0	0	0	0	0	0	0	0	0	0	0	0	0	0	0	0	0	0	0	0	0	0	0	0	0	0	0	0	0	0	0	0	
10/03/2022 15:17:17	0	0	6	15.03	15.03	1.2	2378	1626	4.02	4.021	17.7	0	False	4.196667	4.21	4.19	4.2	1.8781	0	4.06	4.06	80.6	-0.046	4.02	0	0	0	0	0	0	0	0	0	0	0	0	0	0	0	17.7	0	0	0	0	0	0	0	0	0	0	0	0	0	0	0	0	0	0	0	0	0	0	0	0	0	0	0	0	0	0	0	0	0	0	
10/03/2022 15:17:27	0	0	6	15.03	15.03	1.3	2380	1636	4.023	4.0247	17.7	0	False	4.19	4.191667	4.245	4.2	1.8897	0	4.06	4.06	81.1	-0.034	4.023	0	0	0	0	0	0	0	0	0	0	0	0	0	0	0	17.7	0	0	0	0	0	0	0	0	0	0	0	0	0	0	0	0	0	0	0	0	0	0	0	0	0	0	0	0	0	0	0	0	0	0	
10/03/2022 15:17:37	0	0	6	15.03	15.03	1.3	2382	1646	4.027	4.0275	17.6	0	False	4.196667	4.2	4.211667	4.2	1.9014	0	4.06	4.067	81.3	-0.046	4.027	0	0	0	0	0	0	0	0	0	0	0	0	0	0	0	17.6	0	0	0	0	0	0	0	0	0	0	0	0	0	0	0	0	0	0	0	0	0	0	0	0	0	0	0	0	0	0	0	0	0	0	
10/03/2022 15:17:47	0	0	6	15.03	15.03	1.2	2380	1656	4.03	4.031	17.6	0	False	4.19	4.185	4.191667	4.2	1.913	0	4.071	4.071	81.6	-0.046	4.03	0	0	0	0	0	0	0	0	0	0	0	0	0	0	0	17.6	0	0	0	0	0	0	0	0	0	0	0	0	0	0	0	0	0	0	0	0	0	0	0	0	0	0	0	0	0	0	0	0	0	0	
10/03/2022 15:17:58	0	0	6	15.03	15.03	1.3	2384	1666	4.034	4.0347	17.5	0	False	4.188334	4.211667	4.2	4.2	1.9247	0	4.071	4.071	82	-0.034	4.034	0	0	0	0	0	0	0	0	0	0	0	0	0	0	0	17.5	0	0	0	0	0	0	0	0	0	0	0	0	0	0	0	0	0	0	0	0	0	0	0	0	0	0	0	0	0	0	0	0	0	0	
10/03/2022 15:18:08	0	0	6	15.03	15.03	1.2	2384	1676	4.037	4.0383	17.6	0	False	4.185	4.18	4.14	4.2	1.9363	0	4.071	4.075	82.4	-0.034	4.037	0	0	0	0	0	0	0	0	0	0	0	0	0	0	0	17.6	0	0	0	0	0	0	0	0	0	0	0	0	0	0	0	0	0	0	0	0	0	0	0	0	0	0	0	0	0	0	0	0	0	0	
10/03/2022 15:18:18	0	0	6	15.03	15.03	1.3	2390	1686	4.041	4.0422	17.5	0	False	4.185	4.208333	4.211667	4.2	1.9479	0	4.082	4.082	82.6	-0.034	4.041	0	0	0	0	0	0	0	0	0	0	0	0	0	0	0	17.5	0	0	0	0	0	0	0	0	0	0	0	0	0	0	0	0	0	0	0	0	0	0	0	0	0	0	0	0	0	0	0	0	0	0	
10/03/2022 15:18:28	0	0	6	15.03	15.03	1.2	2390	1696	4.045	4.0457	17.6	0	False	4.185	4.176667	4.151667	4.2	1.9596	0	4.071	4.082	83.1	-0.023	4.045	0	0	0	0	0	0	0	0	0	0	0	0	0	0	0	17.6	0	0	0	0	0	0	0	0	0	0	0	0	0	0	0	0	0	0	0	0	0	0	0	0	0	0	0	0	0	0	0	0	0	0	
10/03/2022 15:18:38	0	0	6	15.03	15.03	1.3	2392	1706	4.048	4.0488	17.5	0	False	4.188334	4.216667	4.201667	4.2	1.9712	0	4.082	4.082	83.4	-0.034	4.048	0	0	0	0	0	0	0	0	0	0	0	0	0	0	0	17.5	0	0	0	0	0	0	0	0	0	0	0	0	0	0	0	0	0	0	0	0	0	0	0	0	0	0	0	0	0	0	0	0	0	0	
10/03/2022 15:18:48	0	0	6	15.03	15.03	1.3	2394	1716	4.052	4.053	17.7	0	False	4.191667	4.188334	4.178333	4.2	1.9828	0	4.082	4.09	83.9	-0.034	4.052	0	0	0	0	0	0	0	0	0	0	0	0	0	0	0	17.7	0	0	0	0	0	0	0	0	0	0	0	0	0	0	0	0	0	0	0	0	0	0	0	0	0	0	0	0	0	0	0	0	0	0	
10/03/2022 15:18:58	0	0	6	15.03	15.03	1.3	2396	1726	4.056	4.0566	17.5	0	False	4.205	4.205	4.2	4.2	1.9945	0	4.082	4.094	84.2	-0.034	4.056	0	0	0	0	0	0	0	0	0	0	0	0	0	0	0	17.5	0	0	0	0	0	0	0	0	0	0	0	0	0	0	0	0	0	0	0	0	0	0	0	0	0	0	0	0	0	0	0	0	0	0	
10/03/2022 15:19:08	0	0	6	15.03	15.03	1.2	2398	1736	4.06	4.061	17.6	0	False	4.193333	4.188334	4.173333	4.2	2.0061	0	4.094	4.095	84.6	-0.046	4.06	0	0	0	0	0	0	0	0	0	0	0	0	0	0	0	17.6	0	0	0	0	0	0	0	0	0	0	0	0	0	0	0	0	0	0	0	0	0	0	0	0	0	0	0	0	0	0	0	0	0	0	
10/03/2022 15:19:18	0	0	6	15.03	15.03	1.3	2400	1746	4.064	4.0647	17.5	0	False	4.186666	4.196667	4.2	4.2	2.0178	0	4.094	4.105	85	-0.046	4.064	0	0	0	0	0	0	0	0	0	0	0	0	0	0	0	17.5	0	0	0	0	0	0	0	0	0	0	0	0	0	0	0	0	0	0	0	0	0	0	0	0	0	0	0	0	0	0	0	0	0	0	
10/03/2022 15:19:28	0	0	6	15.03	15.03	1.3	2404	1756	4.067	4.0685	17.6	0	False	4.19	4.185	4.288333	4.2	2.0294	0	4.105	4.105	85.5	-0.034	4.067	0	0	0	0	0	0	0	0	0	0	0	0	0	0	0	17.6	0	0	0	0	0	0	0	0	0	0	0	0	0	0	0	0	0	0	0	0	0	0	0	0	0	0	0	0	0	0	0	0	0	0	
10/03/2022 15:19:38	0	0	6	15.03	15.03	1.3	2404	1766	4.071	4.0722	17.6	0	False	4.196667	4.216667	4.19	4.2	2.0411	0	4.105	4.11	85.7	-0.034	4.071	0	0	0	0	0	0	0	0	0	0	0	0	0	0	0	17.6	0	0	0	0	0	0	0	0	0	0	0	0	0	0	0	0	0	0	0	0	0	0	0	0	0	0	0	0	0	0	0	0	0	0	
10/03/2022 15:19:48	0	0	6	15.03	15.03	1.3	2406	1776	4.075	4.0757	17.6	0	False	4.19	4.188334	4.163333	4.2	2.0527	0	4.117	4.117	86.2	-0.034	4.075	0	0	0	0	0	0	0	0	0	0	0	0	0	0	0	17.6	0	0	0	0	0	0	0	0	0	0	0	0	0	0	0	0	0	0	0	0	0	0	0	0	0	0	0	0	0	0	0	0	0	0	
10/03/2022 15:19:58	0	0	6	15.03	15.03	1.3	2408	1786	4.08	4.081	17.5	0	False	4.193333	4.215	4.228333	4.2	2.0644	0	4.117	4.117	86.5	-0.034	4.08	0	0	0	0	0	0	0	0	0	0	0	0	0	0	0	17.5	0	0	0	0	0	0	0	0	0	0	0	0	0	0	0	0	0	0	0	0	0	0	0	0	0	0	0	0	0	0	0	0	0	0	
10/03/2022 15:20:09	0	0	6	15.03	15.03	1.3	2408	1796	4.084	4.0847	17.6	0	False	4.186666	4.186666	4.135	4.2	2.0761	0	4.117	4.12	87	-0.034	4.084	0	0	0	0	0	0	0	0	0	0	0	0	0	0	0	17.6	0	0	0	0	0	0	0	0	0	0	0	0	0	0	0	0	0	0	0	0	0	0	0	0	0	0	0	0	0	0	0	0	0	0	
10/03/2022 15:20:19	0	0	6	15.03	15.03	1.3	2412	1806	4.087	4.0885	17.3	0	False	4.19	4.205	4.228333	4.2	2.0877	0	4.128	4.128	87.4	-0.034	4.087	0	0	0	0	0	0	0	0	0	0	0	0	0	0	0	17.3	0	0	0	0	0	0	0	0	0	0	0	0	0	0	0	0	0	0	0	0	0	0	0	0	0	0	0	0	0	0	0	0	0	0	
10/03/2022 15:20:29	0	0	6	15.03	15.03	1.3	2414	1816	4.091	4.0922	17.2	0	False	4.19	4.181667	4.151667	4.2	2.0993	0	4.128	4.128	87.7	-0.034	4.091	0	0	0	0	0	0	0	0	0	0	0	0	0	0	0	17.2	0	0	0	0	0	0	0	0	0	0	0	0	0	0	0	0	0	0	0	0	0	0	0	0	0	0	0	0	0	0	0	0	0	0	
10/03/2022 15:20:39	0	0	6	15.03	15.03	1.3	2416	1826	4.094	4.0952	17.2	0	False	4.193333	4.206666	4.235	4.2	2.111	0	4.128	4.128	88.2	-0.034	4.094	0	0	0	0	0	0	0	0	0	0	0	0	0	0	0	17.2	0	0	0	0	0	0	0	0	0	0	0	0	0	0	0	0	0	0	0	0	0	0	0	0	0	0	0	0	0	0	0	0	0	0	
10/03/2022 15:20:49	0	0	6	15.03	15.03	1.3	2418	1836	4.098	4.0985	17.3	0	False	4.19	4.163333	4.178333	4.2	2.1226	0	4.128	4.14	88.6	-0.046	4.098	0	0	0	0	0	0	0	0	0	0	0	0	0	0	0	17.3	0	0	0	0	0	0	0	0	0	0	0	0	0	0	0	0	0	0	0	0	0	0	0	0	0	0	0	0	0	0	0	0	0	0	
10/03/2022 15:20:59	0	0	6	15.03	15.03	1.3	2422	1846	4.102	4.1023	17.3	0	False	4.203333	4.211667	4.223333	4.2	2.1343	0	4.14	4.14	88.7	-0.023	4.102	0	0	0	0	0	0	0	0	0	0	0	0	0	0	0	17.3	0	0	0	0	0	0	0	0	0	0	0	0	0	0	0	0	0	0	0	0	0	0	0	0	0	0	0	0	0	0	0	0	0	0	
10/03/2022 15:21:09	0	0	6	15.03	15.03	1.3	2420	1856	4.105	4.106	17.3	0	False	4.196667	4.185	4.168334	4.2	2.1459	0	4.14	4.14	89.3	-0.034	4.105	0	0	0	0	0	0	0	0	0	0	0	0	0	0	0	17.3	0	0	0	0	0	0	0	0	0	0	0	0	0	0	0	0	0	0	0	0	0	0	0	0	0	0	0	0	0	0	0	0	0	0	
10/03/2022 15:21:19	0	0	6	15.03	15.03	1.3	2424	1866	4.108	4.1093	17.2	0	False	4.196667	4.223333	4.223333	4.2	2.1576	0	4.14	4.146	89.5	-0.034	4.108	0	0	0	0	0	0	0	0	0	0	0	0	0	0	0	17.2	0	0	0	0	0	0	0	0	0	0	0	0	0	0	0	0	0	0	0	0	0	0	0	0	0	0	0	0	0	0	0	0	0	0	
10/03/2022 15:21:29	0	0	6	15.03	15.03	1.3	2426	1876	4.112	4.1123	17.3	0	False	4.2	4.193333	4.168334	4.2	2.1692	0	4.14	4.151	89.8	-0.034	4.112	0	0	0	0	0	0	0	0	0	0	0	0	0	0	0	17.3	0	0	0	0	0	0	0	0	0	0	0	0	0	0	0	0	0	0	0	0	0	0	0	0	0	0	0	0	0	0	0	0	0	0	
10/03/2022 15:21:39	0	0	6	15.03	15.03	1.3	2426	1886	4.115	4.1158	17.3	0	False	4.195	4.176667	4.151667	4.2	2.1809	0	4.151	4.151	90.2	-0.034	4.115	0	0	0	0	0	0	0	0	0	0	0	0	0	0	0	17.3	0	0	0	0	0	0	0	0	0	0	0	0	0	0	0	0	0	0	0	0	0	0	0	0	0	0	0	0	0	0	0	0	0	0	
10/03/2022 15:21:49	0	0	6	15.03	15.03	1.3	2430	1896	4.118	4.1185	17.3	0	False	4.2	4.198333	4.191667	4.2	2.1926	0	4.151	4.152	90.5	-0.034	4.118	0	0	0	0	0	0	0	0	0	0	0	0	0	0	0	17.3	0	0	0	0	0	0	0	0	0	0	0	0	0	0	0	0	0	0	0	0	0	0	0	0	0	0	0	0	0	0	0	0	0	0	
10/03/2022 15:22:00	0	0	6	15.03	15.03	1.3	2430	1907	4.121	4.1223	17.4	0	False	4.188334	4.191667	4.155	4.2	2.2053	0	4.151	4.163	90.7	-0.034	4.121	0	0	0	0	0	0	0	0	0	0	0	0	0	0	0	17.4	0	0	0	0	0	0	0	0	0	0	0	0	0	0	0	0	0	0	0	0	0	0	0	0	0	0	0	0	0	0	0	0	0	0	
10/03/2022 15:22:10	0	0	6	15.03	15.03	1.3	2430	1917	4.124	4.1248	17.1	0	False	4.191667	4.205	4.128334	4.2	2.2171	0	4.151	4.163	91.2	-0.034	4.124	0	0	0	0	0	0	0	0	0	0	0	0	0	0	0	17.1	0	0	0	0	0	0	0	0	0	0	0	0	0	0	0	0	0	0	0	0	0	0	0	0	0	0	0	0	0	0	0	0	0	0	
10/03/2022 15:22:20	0	0	6	15.03	15.03	1.3	2434	1927	4.127	4.1273	17.3	0	False	4.191667	4.186666	4.181667	4.2	2.2287	0	4.163	4.165	91.4	-0.034	4.127	0	0	0	0	0	0	0	0	0	0	0	0	0	0	0	17.3	0	0	0	0	0	0	0	0	0	0	0	0	0	0	0	0	0	0	0	0	0	0	0	0	0	0	0	0	0	0	0	0	0	0	
10/03/2022 15:22:30	0	0	6	15.03	15.03	1.3	2436	1937	4.129	4.1298	17.2	0	False	4.185	4.178333	4.245	4.2	2.2404	0	4.163	4.174	91.7	-0.034	4.129	0	0	0	0	0	0	0	0	0	0	0	0	0	0	0	17.2	0	0	0	0	0	0	0	0	0	0	0	0	0	0	0	0	0	0	0	0	0	0	0	0	0	0	0	0	0	0	0	0	0	0	
10/03/2022 15:22:40	0	0	6	15.03	15.03	1.3	2436	1947	4.132	4.1323	17.1	0	False	4.195	4.215	4.205	4.2	2.2521	0	4.174	4.174	91.8	-0.034	4.132	0	0	0	0	0	0	0	0	0	0	0	0	0	0	0	17.1	0	0	0	0	0	0	0	0	0	0	0	0	0	0	0	0	0	0	0	0	0	0	0	0	0	0	0	0	0	0	0	0	0	0	
10/03/2022 15:22:50	0	0	6	15.03	15.03	1.3	2438	1957	4.134	4.1348	17.1	0	False	4.196667	4.196667	4.315	4.2	2.2638	0	4.174	4.174	92.2	-0.046	4.134	0	0	0	0	0	0	0	0	0	0	0	0	0	0	0	17.1	0	0	0	0	0	0	0	0	0	0	0	0	0	0	0	0	0	0	0	0	0	0	0	0	0	0	0	0	0	0	0	0	0	0	
10/03/2022 15:23:00	0	0	6	15.03	15.03	1.3	2438	1967	4.136	4.1369	17.3	0	False	4.186666	4.2	4.14	4.2	2.2754	0	4.174	4.174	92.3	-0.034	4.136	0	0	0	0	0	0	0	0	0	0	0	0	0	0	0	17.3	0	0	0	0	0	0	0	0	0	0	0	0	0	0	0	0	0	0	0	0	0	0	0	0	0	0	0	0	0	0	0	0	0	0	
10/03/2022 15:23:10	0	0	6	15.03	15.03	1.3	2440	1977	4.138	4.1385	17.2	0	False	4.183333	4.171667	4.255	4.2	2.2871	0	4.174	4.174	92.6	-0.034	4.138	0	0	0	0	0	0	0	0	0	0	0	0	0	0	0	17.2	0	0	0	0	0	0	0	0	0	0	0	0	0	0	0	0	0	0	0	0	0	0	0	0	0	0	0	0	0	0	0	0	0	0	
10/03/2022 15:23:20	0	0	6	15.03	15.03	1.3	2442	1987	4.139	4.1405	17.2	0	False	4.198333	4.205	4.235	4.2	2.2988	0	4.174	4.18	92.6	-0.034	4.139	0	0	0	0	0	0	0	0	0	0	0	0	0	0	0	17.2	0	0	0	0	0	0	0	0	0	0	0	0	0	0	0	0	0	0	0	0	0	0	0	0	0	0	0	0	0	0	0	0	0	0	
10/03/2022 15:23:30	0	0	6	15.03	15.03	1.3	2442	1997	4.142	4.1423	17.3	0	False	4.195	4.19	4.2	4.2	2.3104	0	4.174	4.186	93	-0.046	4.142	0	0	0	0	0	0	0	0	0	0	0	0	0	0	0	17.3	0	0	0	0	0	0	0	0	0	0	0	0	0	0	0	0	0	0	0	0	0	0	0	0	0	0	0	0	0	0	0	0	0	0	
10/03/2022 15:23:40	0	0	6	15.03	15.03	1.3	2444	2007	4.143	4.1435	17.2	0	False	4.188334	4.163333	4.276667	4.2	2.322	0	4.174	4.186	93.2	-0.034	4.143	0	0	0	0	0	0	0	0	0	0	0	0	0	0	0	17.2	0	0	0	0	0	0	0	0	0	0	0	0	0	0	0	0	0	0	0	0	0	0	0	0	0	0	0	0	0	0	0	0	0	0	
10/03/2022 15:23:51	0	0	6	15.03	15.03	1.3	2442	2017	4.145	4.1459	17.2	0	False	4.185	4.206666	4.14	4.2	2.3336	0	4.186	4.186	93.2	-0.046	4.145	0	0	0	0	0	0	0	0	0	0	0	0	0	0	0	17.2	0	0	0	0	0	0	0	0	0	0	0	0	0	0	0	0	0	0	0	0	0	0	0	0	0	0	0	0	0	0	0	0	0	0	
10/03/2022 15:24:01	0	0	6	15.03	15.03	1.3	2444	2027	4.146	4.1473	17.4	0	False	4.195	4.205	4.235	4.2	2.3453	0	4.186	4.186	93.3	-0.046	4.146	0	0	0	0	0	0	0	0	0	0	0	0	0	0	0	17.4	0	0	0	0	0	0	0	0	0	0	0	0	0	0	0	0	0	0	0	0	0	0	0	0	0	0	0	0	0	0	0	0	0	0	
10/03/2022 15:24:11	0	0	6	15.03	15.03	1.3	2444	2037	4.148	4.1485	17.4	0	False	4.203333	4.196667	4.211667	4.2	2.357	0	4.186	4.186	93.6	-0.034	4.148	0	0	0	0	0	0	0	0	0	0	0	0	0	0	0	17.4	0	0	0	0	0	0	0	0	0	0	0	0	0	0	0	0	0	0	0	0	0	0	0	0	0	0	0	0	0	0	0	0	0	0	
10/03/2022 15:24:21	0	0	6	15.03	15.03	1.3	2446	2047	4.149	4.1498	17.3	0	False	4.188334	4.181667	4.161667	4.2	2.3687	0	4.186	4.186	93.7	-0.034	4.149	0	0	0	0	0	0	0	0	0	0	0	0	0	0	0	17.3	0	0	0	0	0	0	0	0	0	0	0	0	0	0	0	0	0	0	0	0	0	0	0	0	0	0	0	0	0	0	0	0	0	0	
10/03/2022 15:24:31	0	0	6	15.03	15.03	1.3	2448	2057	4.15	4.1512	17.5	0	False	4.178333	4.186666	4.288333	4.2	2.3803	0	4.186	4.186	93.8	-0.034	4.15	0	0	0	0	0	0	0	0	0	0	0	0	0	0	0	17.5	0	0	0	0	0	0	0	0	0	0	0	0	0	0	0	0	0	0	0	0	0	0	0	0	0	0	0	0	0	0	0	0	0	0	
10/03/2022 15:24:41	0	0	6	15.03	15.03	1.3	2448	2067	4.152	4.1523	17.4	0	False	4.18	4.185	4.223333	4.2	2.3919	0	4.186	4.192	94	-0.034	4.152	0	0	0	0	0	0	0	0	0	0	0	0	0	0	0	17.4	0	0	0	0	0	0	0	0	0	0	0	0	0	0	0	0	0	0	0	0	0	0	0	0	0	0	0	0	0	0	0	0	0	0	
10/03/2022 15:24:51	0	0	6	15.03	15.03	1.3	2448	2077	4.153	4.1535	17.3	0	False	4.188334	4.221667	4.211667	4.2	2.4036	0	4.186	4.197	94.1	-0.046	4.153	0	0	0	0	0	0	0	0	0	0	0	0	0	0	0	17.3	0	0	0	0	0	0	0	0	0	0	0	0	0	0	0	0	0	0	0	0	0	0	0	0	0	0	0	0	0	0	0	0	0	0	
10/03/2022 15:25:01	0	0	6	15.03	15.03	1.3	2448	2087	4.154	4.1548	17.3	0	False	4.205	4.205	4.19	4.2	2.4153	0	4.186	4.197	94.3	-0.034	4.154	0	0	0	0	0	0	0	0	0	0	0	0	0	0	0	17.3	0	0	0	0	0	0	0	0	0	0	0	0	0	0	0	0	0	0	0	0	0	0	0	0	0	0	0	0	0	0	0	0	0	0	
10/03/2022 15:25:11	0	0	6	15.03	15.03	1.3	2448	2097	4.155	4.156	17.4	0	False	4.198333	4.195	4.161667	4.2	2.427	0	4.197	4.197	94.3	-0.034	4.155	0	0	0	0	0	0	0	0	0	0	0	0	0	0	0	17.4	0	0	0	0	0	0	0	0	0	0	0	0	0	0	0	0	0	0	0	0	0	0	0	0	0	0	0	0	0	0	0	0	0	0	
10/03/2022 15:25:21	0	0	6	15.03	15.03	1.3	2450	2107	4.157	4.1574	17.4	0	False	4.185	4.186666	4.178333	4.2	2.4386	0	4.197	4.197	94.5	-0.046	4.157	0	0	0	0	0	0	0	0	0	0	0	0	0	0	0	17.4	0	0	0	0	0	0	0	0	0	0	0	0	0	0	0	0	0	0	0	0	0	0	0	0	0	0	0	0	0	0	0	0	0	0	
10/03/2022 15:25:31	0	0	6	15.03	15.03	1.3	2452	2117	4.158	4.1585	17.4	0	False	4.178333	4.188334	4.273334	4.2	2.4502	0	4.197	4.197	94.6	-0.046	4.158	0	0	0	0	0	0	0	0	0	0	0	0	0	0	0	17.4	0	0	0	0	0	0	0	0	0	0	0	0	0	0	0	0	0	0	0	0	0	0	0	0	0	0	0	0	0	0	0	0	0	0	
10/03/2022 15:25:42	0	0	6	15.03	15.03	1.3	2452	2127	4.159	4.1598	17.5	0	False	4.178333	4.183333	4.25	4.2	2.4618	0	4.197	4.197	94.7	-0.034	4.159	0	0	0	0	0	0	0	0	0	0	0	0	0	0	0	17.5	0	0	0	0	0	0	0	0	0	0	0	0	0	0	0	0	0	0	0	0	0	0	0	0	0	0	0	0	0	0	0	0	0	0	
10/03/2022 15:25:52	0	0	6	15.03	15.03	1.3	2454	2137	4.16	4.1612	17.5	0	False	4.183333	4.196667	4.245	4.2	2.4735	0	4.197	4.197	94.8	-0.034	4.16	0	0	0	0	0	0	0	0	0	0	0	0	0	0	0	17.5	0	0	0	0	0	0	0	0	0	0	0	0	0	0	0	0	0	0	0	0	0	0	0	0	0	0	0	0	0	0	0	0	0	0	
10/03/2022 15:26:02	0	0	6	15.03	15.03	1.3	2452	2147	4.162	4.1626	17.4	0	False	4.198333	4.203333	4.211667	4.2	2.4852	0	4.197	4.197	94.8	-0.034	4.162	0	0	0	0	0	0	0	0	0	0	0	0	0	0	0	17.4	0	0	0	0	0	0	0	0	0	0	0	0	0	0	0	0	0	0	0	0	0	0	0	0	0	0	0	0	0	0	0	0	0	0	
10/03/2022 15:26:12	0	0	6	15.03	15.03	1.3	2454	2157	4.163	4.1638	17.5	0	False	4.186666	4.185	4.185	4.2	2.4968	0	4.209	4.203	95.1	-0.034	4.163	0	0	0	0	0	0	0	0	0	0	0	0	0	0	0	17.5	0	0	0	0	0	0	0	0	0	0	0	0	0	0	0	0	0	0	0	0	0	0	0	0	0	0	0	0	0	0	0	0	0	0	
10/03/2022 15:26:22	0	0	6	15.03	15.03	1.3	2454	2167	4.165	4.166	17.4	0	False	4.19	4.195	4.161667	4.2	2.5085	0	4.197	4.209	95.2	-0.034	4.165	0	0	0	0	0	0	0	0	0	0	0	0	0	0	0	17.4	0	0	0	0	0	0	0	0	0	0	0	0	0	0	0	0	0	0	0	0	0	0	0	0	0	0	0	0	0	0	0	0	0	0	
10/03/2022 15:26:32	0	0	6	15.03	15.03	1.3	2454	2177	4.167	4.1673	17.4	0	False	4.19	4.198333	4.14	4.2	2.5201	0	4.209	4.209	95.4	-0.034	4.167	0	0	0	0	0	0	0	0	0	0	0	0	0	0	0	17.4	0	0	0	0	0	0	0	0	0	0	0	0	0	0	0	0	0	0	0	0	0	0	0	0	0	0	0	0	0	0	0	0	0	0	
10/03/2022 15:26:42	0	0	6	15.03	15.03	1.3	2456	2187	4.168	4.1685	17.4	0	False	4.191667	4.205	4.245	4.2	2.5318	0	4.209	4.209	95.5	-0.034	4.168	0	0	0	0	0	0	0	0	0	0	0	0	0	0	0	17.4	0	0	0	0	0	0	0	0	0	0	0	0	0	0	0	0	0	0	0	0	0	0	0	0	0	0	0	0	0	0	0	0	0	0	
10/03/2022 15:26:52	0	0	6	15.03	15.03	1.3	2456	2197	4.169	4.1699	17.4	0	False	4.198333	4.195	4.218333	4.2	2.5435	0	4.197	4.209	95.7	-0.046	4.169	0	0	0	0	0	0	0	0	0	0	0	0	0	0	0	17.4	0	0	0	0	0	0	0	0	0	0	0	0	0	0	0	0	0	0	0	0	0	0	0	0	0	0	0	0	0	0	0	0	0	0	
10/03/2022 15:27:02	0	0	6	15.03	15.03	1.3	2458	2207	4.171	4.172	17.3	0	False	4.185	4.183333	4.185	4.2	2.5551	0	4.209	4.209	95.8	-0.034	4.171	0	0	0	0	0	0	0	0	0	0	0	0	0	0	0	17.3	0	0	0	0	0	0	0	0	0	0	0	0	0	0	0	0	0	0	0	0	0	0	0	0	0	0	0	0	0	0	0	0	0	0	
10/03/2022 15:27:12	0	0	6	15.03	15.03	1.3	2460	2217	4.173	4.1735	17.3	0	False	4.181667	4.188334	4.273334	4.2	2.5667	0	4.209	4.209	96	-0.034	4.173	0	0	0	0	0	0	0	0	0	0	0	0	0	0	0	17.3	0	0	0	0	0	0	0	0	0	0	0	0	0	0	0	0	0	0	0	0	0	0	0	0	0	0	0	0	0	0	0	0	0	0	
10/03/2022 15:27:22	0	0	6	15.03	15.03	1.3	2460	2227	4.174	4.1748	17.4	0	False	4.185	4.201667	4.223333	4.2	2.5783	0	4.209	4.21	96.2	-0.034	4.174	0	0	0	0	0	0	0	0	0	0	0	0	0	0	0	17.4	0	0	0	0	0	0	0	0	0	0	0	0	0	0	0	0	0	0	0	0	0	0	0	0	0	0	0	0	0	0	0	0	0	0	
10/03/2022 15:27:32	0	0	6	15.03	15.03	1.3	2462	2237	4.175	4.1762	17.3	0	False	4.198333	4.206666	4.18	4.2	2.59	0	4.209	4.22	96.3	-0.046	4.175	0	0	0	0	0	0	0	0	0	0	0	0	0	0	0	17.3	0	0	0	0	0	0	0	0	0	0	0	0	0	0	0	0	0	0	0	0	0	0	0	0	0	0	0	0	0	0	0	0	0	0	
10/03/2022 15:27:43	0	0	6	15.03	15.03	1.3	2462	2247	4.178	4.1785	17.4	0	False	4.195	4.185	4.185	4.2	2.6017	0	4.209	4.22	96.5	-0.034	4.178	0	0	0	0	0	0	0	0	0	0	0	0	0	0	0	17.4	0	0	0	0	0	0	0	0	0	0	0	0	0	0	0	0	0	0	0	0	0	0	0	0	0	0	0	0	0	0	0	0	0	0	
10/03/2022 15:27:53	0	0	6	15.03	15.03	1.3	2462	2257	4.179	4.1799	17.4	0	False	4.181667	4.161667	4.161667	4.2	2.6133	0	4.22	4.22	96.7	-0.046	4.179	0	0	0	0	0	0	0	0	0	0	0	0	0	0	0	17.4	0	0	0	0	0	0	0	0	0	0	0	0	0	0	0	0	0	0	0	0	0	0	0	0	0	0	0	0	0	0	0	0	0	0	
10/03/2022 15:28:03	0	0	6	15.03	15.03	1.3	2464	2267	4.182	4.1823	17.4	0	False	4.178333	4.19	4.235	4.2	2.6249	0	4.22	4.22	96.8	-0.034	4.182	0	0	0	0	0	0	0	0	0	0	0	0	0	0	0	17.4	0	0	0	0	0	0	0	0	0	0	0	0	0	0	0	0	0	0	0	0	0	0	0	0	0	0	0	0	0	0	0	0	0	0	
10/03/2022 15:28:13	0	0	6	15.03	15.03	1.3	2464	2277	4.183	4.1841	17.4	0	False	4.195	4.226666	4.2	4.2	2.6366	0	4.232	4.226	97.1	-0.034	4.183	0	0	0	0	0	0	0	0	0	0	0	0	0	0	0	17.4	0	0	0	0	0	0	0	0	0	0	0	0	0	0	0	0	0	0	0	0	0	0	0	0	0	0	0	0	0	0	0	0	0	0	
10/03/2022 15:28:23	0	0	6	15.03	15.03	1.3	2466	2287	4.185	4.186	17.4	0	False	4.191667	4.183333	4.205	4.2	2.6483	0	4.232	4.232	97.4	-0.034	4.185	0	0	0	0	0	0	0	0	0	0	0	0	0	0	0	17.4	0	0	0	0	0	0	0	0	0	0	0	0	0	0	0	0	0	0	0	0	0	0	0	0	0	0	0	0	0	0	0	0	0	0	
10/03/2022 15:28:33	0	0	6	15.03	15.03	1.3	2468	2297	4.188	4.1885	17.5	0	False	4.181667	4.195	4.273334	4.2	2.6599	0	4.232	4.232	97.5	-0.046	4.188	0	0	0	0	0	0	0	0	0	0	0	0	0	0	0	17.5	0	0	0	0	0	0	0	0	0	0	0	0	0	0	0	0	0	0	0	0	0	0	0	0	0	0	0	0	0	0	0	0	0	0	
10/03/2022 15:28:43	0	0	6	15.03	15.03	1.3	2468	2307	4.189	4.1902	17.5	0	False	4.185	4.206666	4.228333	4.2	2.6716	0	4.22	4.232	97.6	-0.046	4.189	0	0	0	0	0	0	0	0	0	0	0	0	0	0	0	17.5	0	0	0	0	0	0	0	0	0	0	0	0	0	0	0	0	0	0	0	0	0	0	0	0	0	0	0	0	0	0	0	0	0	0	
10/03/2022 15:28:53	0	0	6	15.03	15.03	1.3	2468	2317	4.192	4.1924	17.5	0	False	4.191667	4.18	4.173333	4.2	2.6833	0	4.232	4.232	97.8	-0.046	4.192	0	0	0	0	0	0	0	0	0	0	0	0	0	0	0	17.5	0	0	0	0	0	0	0	0	0	0	0	0	0	0	0	0	0	0	0	0	0	0	0	0	0	0	0	0	0	0	0	0	0	0	
10/03/2022 15:29:03	0	0	6	15.03	15.03	1.3	2470	2327	4.194	4.1956	17.4	0	False	4.188334	4.191667	4.166667	4.2	2.6949	0	4.232	4.234	98.2	-0.034	4.194	0	0	0	0	0	0	0	0	0	0	0	0	0	0	0	17.4	0	0	0	0	0	0	0	0	0	0	0	0	0	0	0	0	0	0	0	0	0	0	0	0	0	0	0	0	0	0	0	0	0	0	
10/03/2022 15:29:13	0	0	6	15.03	15.03	1.3	2472	2337	4.197	4.1973	17.5	0	False	4.188334	4.203333	4.223333	4.2	2.7066	0	4.232	4.243	98.5	-0.034	4.197	0	0	0	0	0	0	0	0	0	0	0	0	0	0	0	17.5	0	0	0	0	0	0	0	0	0	0	0	0	0	0	0	0	0	0	0	0	0	0	0	0	0	0	0	0	0	0	0	0	0	0	
10/03/2022 15:29:23	0	0	6	15.03	15.03	1.3	2474	2347	4.199	4.1998	17.4	0	False	4.195	4.173333	4.161667	4.2	2.7182	0	4.243	4.243	98.7	-0.034	4.199	0	0	0	0	0	0	0	0	0	0	0	0	0	0	0	17.4	0	0	0	0	0	0	0	0	0	0	0	0	0	0	0	0	0	0	0	0	0	0	0	0	0	0	0	0	0	0	0	0	0	0	
10/03/2022 15:29:33	0	0	6	15.03	15.03	1.3	2476	2357	4.202	4.2032	17.4	0	False	4.188334	4.193333	4.255	4.2	2.7299	0	4.243	4.243	99	-0.034	4.202	0	0	0	0	0	0	0	0	0	0	0	0	0	0	0	17.4	0	0	0	0	0	0	0	0	0	0	0	0	0	0	0	0	0	0	0	0	0	0	0	0	0	0	0	0	0	0	0	0	0	0	
10/03/2022 15:29:43	0	0	6	15.03	15.03	1.3	2474	2367	4.205	4.206	17.4	0	False	4.195	4.153333	4.108333	4.2	2.7415	0	4.243	4.243	99.3	-0.034	4.205	0	0	0	0	0	0	0	0	0	0	0	0	0	0	0	17.4	0	0	0	0	0	0	0	0	0	0	0	0	0	0	0	0	0	0	0	0	0	0	0	0	0	0	0	0	0	0	0	0	0	0	
10/03/2022 15:29:53	0	0	6	15.03	15.03	1.3	2474	2377	4.207	4.2082	17.4	0	False	4.15	4.071667	4.085	4.2	2.7528	0	4.243	4.245	99.5	-0.046	4.207	0	0	0	0	0	0	0	0	0	0	0	0	0	0	0	17.4	0	0	0	0	0	0	0	0	0	0	0	0	0	0	0	0	0	0	0	0	0	0	0	0	0	0	0	0	0	0	0	0	0	0	
10/03/2022 15:30:04	0	0	6	15.03	15.03	1.1	2458	2387	4.208	4.2085	17.4	0	True	4.043334	3.638333	3.566667	4.2	2.7635	0	4.243	4.254	99.7	-0.034	4.208	0	0	0	0	0	0	0	0	0	0	0	0	0	0	0	17.4	0	0	0	0	0	0	0	0	0	0	0	0	0	0	0	0	0	0	0	0	0	0	0	0	0	0	0	0	0	0	0	0	0	0	
10/03/2022 15:30:14	0	0	6	15.03	15.03	1.1	2454	2397	4.208	4.2087	17.4	0	True	3.826667	3.506667	3.451667	4.2	2.7734	0	4.243	4.254	99.8	-0.034	4.208	0	0	0	0	0	0	0	0	0	0	0	0	0	0	0	17.4	0	0	0	0	0	0	0	0	0	0	0	0	0	0	0	0	0	0	0	0	0	0	0	0	0	0	0	0	0	0	0	0	0	0	
10/03/2022 15:30:24	0	0	6	15.02	15.03	1	2442	2407	4.208	4.2085	17.4	0	True	3.596667	3.19	3.131667	4.2	2.7826	0	4.243	4.254	99.8	-0.034	4.208	0	0	0	0	0	0	0	0	0	0	0	0	0	0	0	17.4	0	0	0	0	0	0	0	0	0	0	0	0	0	0	0	0	0	0	0	0	0	0	0	0	0	0	0	0	0	0	0	0	0	0	
10/03/2022 15:30:34	0	0	6	15.02	15.03	0.9	2438	2417	4.208	4.2085	17.4	0	True	3.358333	2.986667	2.983333	4.2	2.7911	0	4.243	4.254	100	-0.034	4.208	0	0	0	0	0	0	0	0	0	0	0	0	0	0	0	17.4	0	0	0	0	0	0	0	0	0	0	0	0	0	0	0	0	0	0	0	0	0	0	0	0	0	0	0	0	0	0	0	0	0	0	
10/03/2022 15:30:44	0	0	6	15.02	15.03	0.9	2432	2427	4.208	4.2085	17.4	0	True	3.173333	2.873333	2.873333	4.2	2.7993	0	4.243	4.254	100	-0.034	4.208	0	0	0	0	0	0	0	0	0	0	0	0	0	0	0	17.4	0	0	0	0	0	0	0	0	0	0	0	0	0	0	0	0	0	0	0	0	0	0	0	0	0	0	0	0	0	0	0	0	0	0	
10/03/2022 15:30:54	0	0	6	15.02	15.03	0.8	2430	2437	4.208	4.2085	17.4	0	True	2.991667	2.735	2.718333	4.2	2.807	0	4.243	4.254	100	-0.034	4.208	0	0	0	0	0	0	0	0	0	0	0	0	0	0	0	17.4	0	0	0	0	0	0	0	0	0	0	0	0	0	0	0	0	0	0	0	0	0	0	0	0	0	0	0	0	0	0	0	0	0	0	
10/03/2022 15:31:04	0	0	6	15.02	15.03	0.8	2420	2447	4.208	4.2085	17.4	0	True	2.85	2.538333	2.493333	4.2	2.8144	0	4.243	4.254	100	-0.034	4.208	0	0	0	0	0	0	0	0	0	0	0	0	0	0	0	17.4	0	0	0	0	0	0	0	0	0	0	0	0	0	0	0	0	0	0	0	0	0	0	0	0	0	0	0	0	0	0	0	0	0	0	
10/03/2022 15:31:14	0	0	6	15.02	15.03	0.8	2420	2457	4.208	4.2085	17.4	0	True	2.691667	2.5	2.476667	4.2	2.8213	0	4.243	4.254	100	-0.034	4.208	0	0	0	0	0	0	0	0	0	0	0	0	0	0	0	17.4	0	0	0	0	0	0	0	0	0	0	0	0	0	0	0	0	0	0	0	0	0	0	0	0	0	0	0	0	0	0	0	0	0	0	
10/03/2022 15:31:24	0	0	6	15.02	15.03	0.7	2412	2467	4.208	4.2085	17.4	0	True	2.535	2.278333	2.268333	4.2	2.8278	0	4.243	4.254	100	-0.034	4.208	0	0	0	0	0	0	0	0	0	0	0	0	0	0	0	17.4	0	0	0	0	0	0	0	0	0	0	0	0	0	0	0	0	0	0	0	0	0	0	0	0	0	0	0	0	0	0	0	0	0	0	
10/03/2022 15:31:34	0	0	6	15.01	15.03	0.7	2408	2477	4.208	4.2085	17.4	0	True	2.413333	2.186667	2.168333	4.2	2.8341	0	4.243	4.254	100	-0.034	4.208	0	0	0	0	0	0	0	0	0	0	0	0	0	0	0	17.4	0	0	0	0	0	0	0	0	0	0	0	0	0	0	0	0	0	0	0	0	0	0	0	0	0	0	0	0	0	0	0	0	0	0	
10/03/2022 15:31:44	0	0	6	15.02	15.03	0.7	2406	2487	4.208	4.2085	17.4	0	True	2.28	2.09	2.091667	4.2	2.8399	0	4.243	4.254	100	-0.034	4.208	0	0	0	0	0	0	0	0	0	0	0	0	0	0	0	17.4	0	0	0	0	0	0	0	0	0	0	0	0	0	0	0	0	0	0	0	0	0	0	0	0	0	0	0	0	0	0	0	0	0	0	
10/03/2022 15:31:54	0	0	6	15.01	15.03	0.6	2398	2497	4.208	4.2085	17.4	0	True	2.146667	1.92	1.92	4.2	2.8454	0	4.243	4.254	100	-0.034	4.208	0	0	0	0	0	0	0	0	0	0	0	0	0	0	0	17.4	0	0	0	0	0	0	0	0	0	0	0	0	0	0	0	0	0	0	0	0	0	0	0	0	0	0	0	0	0	0	0	0	0	0	
10/03/2022 15:32:04	0	0	6	15.01	15.03	0.6	2398	2507	4.208	4.2087	17.4	0	True	2.041667	1.918333	1.935	4.2	2.8507	0	4.243	4.253	100	-0.034	4.208	0	0	0	0	0	0	0	0	0	0	0	0	0	0	0	17.4	0	0	0	0	0	0	0	0	0	0	0	0	0	0	0	0	0	0	0	0	0	0	0	0	0	0	0	0	0	0	0	0	0	0	
10/03/2022 15:32:14	0	0	6	15.01	15.03	0.6	2388	2517	4.208	4.2085	17.4	0	True	1.965	1.795	1.783333	4.2	2.8559	0	4.243	4.254	100	-0.034	4.208	0	0	0	0	0	0	0	0	0	0	0	0	0	0	0	17.4	0	0	0	0	0	0	0	0	0	0	0	0	0	0	0	0	0	0	0	0	0	0	0	0	0	0	0	0	0	0	0	0	0	0	
10/03/2022 15:32:25	0	0	6	15.01	15.03	0.5	2378	2527	4.208	4.2085	17.4	0	True	1.838333	1.613333	1.635	4.2	2.8606	0	4.243	4.254	100	-0.034	4.208	0	0	0	0	0	0	0	0	0	0	0	0	0	0	0	17.4	0	0	0	0	0	0	0	0	0	0	0	0	0	0	0	0	0	0	0	0	0	0	0	0	0	0	0	0	0	0	0	0	0	0	
10/03/2022 15:32:35	0	0	6	15.01	15.03	0.5	2378	2537	4.208	4.2085	17.4	0	True	1.731667	1.61	1.611667	4.2	2.865	0	4.254	4.254	100	-0.034	4.208	0	0	0	0	0	0	0	0	0	0	0	0	0	0	0	17.4	0	0	0	0	0	0	0	0	0	0	0	0	0	0	0	0	0	0	0	0	0	0	0	0	0	0	0	0	0	0	0	0	0	0	
10/03/2022 15:32:45	0	0	6	15.01	15.03	0.5	2372	2547	4.208	4.2088	17.4	0	True	1.67	1.54	1.523333	4.2	2.8694	0	4.243	4.254	100	-0.034	4.208	0	0	0	0	0	0	0	0	0	0	0	0	0	0	0	17.4	0	0	0	0	0	0	0	0	0	0	0	0	0	0	0	0	0	0	0	0	0	0	0	0	0	0	0	0	0	0	0	0	0	0	
10/03/2022 15:32:55	0	0	6	15.01	15.03	0.4	2366	2557	4.208	4.2085	17.4	0	True	1.58	1.403333	1.425	4.2	2.8735	0	4.243	4.254	100	-0.034	4.208	0	0	0	0	0	0	0	0	0	0	0	0	0	0	0	17.4	0	0	0	0	0	0	0	0	0	0	0	0	0	0	0	0	0	0	0	0	0	0	0	0	0	0	0	0	0	0	0	0	0	0	
10/03/2022 15:33:05	0	0	6	15.01	15.03	0.4	2366	2567	4.208	4.2085	17.4	0	True	1.505	1.411667	1.391667	4.2	2.8774	0	4.243	4.254	100	-0.034	4.208	0	0	0	0	0	0	0	0	0	0	0	0	0	0	0	17.4	0	0	0	0	0	0	0	0	0	0	0	0	0	0	0	0	0	0	0	0	0	0	0	0	0	0	0	0	0	0	0	0	0	0	
10/03/2022 15:33:15	0	0	6	15.01	15.03	0.4	2358	2577	4.208	4.2085	17.4	0	True	1.43	1.281667	1.265	4.2	2.8811	0	4.243	4.254	100	-0.034	4.208	0	0	0	0	0	0	0	0	0	0	0	0	0	0	0	17.4	0	0	0	0	0	0	0	0	0	0	0	0	0	0	0	0	0	0	0	0	0	0	0	0	0	0	0	0	0	0	0	0	0	0	
10/03/2022 15:33:25	0	0	6	15.01	15.03	0.4	2358	2587	4.208	4.2085	17.4	0	True	1.363333	1.278333	1.265	4.2	2.8847	0	4.243	4.254	100	-0.034	4.208	0	0	0	0	0	0	0	0	0	0	0	0	0	0	0	17.4	0	0	0	0	0	0	0	0	0	0	0	0	0	0	0	0	0	0	0	0	0	0	0	0	0	0	0	0	0	0	0	0	0	0	
10/03/2022 15:33:35	0	0	6	15.01	15.03	0.4	2350	2597	4.208	4.2085	17.4	0	True	1.285	1.133333	1.133333	4.2	2.8879	0	4.254	4.254	100	-0.046	4.208	0	0	0	0	0	0	0	0	0	0	0	0	0	0	0	17.4	0	0	0	0	0	0	0	0	0	0	0	0	0	0	0	0	0	0	0	0	0	0	0	0	0	0	0	0	0	0	0	0	0	0	
10/03/2022 15:33:45	0	0	6	15.01	15.03	0.4	2350	2607	4.208	4.2085	17.4	0	True	1.221667	1.143333	1.155	4.2	2.8911	0	4.243	4.254	100	-0.034	4.208	0	0	0	0	0	0	0	0	0	0	0	0	0	0	0	17.4	0	0	0	0	0	0	0	0	0	0	0	0	0	0	0	0	0	0	0	0	0	0	0	0	0	0	0	0	0	0	0	0	0	0	
10/03/2022 15:33:55	0	0	6	15.01	15.03	0.3	2342	2617	4.208	4.2087	17.4	0	True	1.171667	1.036667	1.005	4.2	2.8942	0	4.243	4.254	100	-0.034	4.208	0	0	0	0	0	0	0	0	0	0	0	0	0	0	0	17.4	0	0	0	0	0	0	0	0	0	0	0	0	0	0	0	0	0	0	0	0	0	0	0	0	0	0	0	0	0	0	0	0	0	0	
10/03/2022 15:34:05	0	0	6	15.01	15.03	0.3	2342	2627	4.208	4.2085	17.4	0	True	1.088333	0.98	0.9783334	4.2	2.8969	0	4.243	4.254	100	-0.034	4.208	0	0	0	0	0	0	0	0	0	0	0	0	0	0	0	17.4	0	0	0	0	0	0	0	0	0	0	0	0	0	0	0	0	0	0	0	0	0	0	0	0	0	0	0	0	0	0	0	0	0	0	
10/03/2022 15:34:15	0	0	6	15.01	15.03	0.3	2342	2637	4.208	4.2085	17.4	0	True	1.038333	0.98	0.99	4.2	2.8996	0	4.243	4.254	100	-0.034	4.208	0	0	0	0	0	0	0	0	0	0	0	0	0	0	0	17.4	0	0	0	0	0	0	0	0	0	0	0	0	0	0	0	0	0	0	0	0	0	0	0	0	0	0	0	0	0	0	0	0	0	0	
10/03/2022 15:34:25	0	0	6	15.01	15.03	0.3	2340	2647	4.208	4.2085	17.4	0	True	1.013333	0.9683333	0.9466667	4.2	2.9023	0	4.243	4.254	100	-0.046	4.208	0	0	0	0	0	0	0	0	0	0	0	0	0	0	0	17.4	0	0	0	0	0	0	0	0	0	0	0	0	0	0	0	0	0	0	0	0	0	0	0	0	0	0	0	0	0	0	0	0	0	0	
10/03/2022 15:34:35	0	0	6	15	15.03	0.2	2334	2657	4.208	4.2085	17.4	0	True	0.965	0.885	0.7866667	4.2	2.9048	0	4.243	4.254	100	-0.034	4.208	0	0	0	0	0	0	0	0	0	0	0	0	0	0	0	17.4	0	0	0	0	0	0	0	0	0	0	0	0	0	0	0	0	0	0	0	0	0	0	0	0	0	0	0	0	0	0	0	0	0	0	
10/03/2022 15:34:46	0	0	6	15	15.05	0.3	2334	2667	4.208	4.2085	17.4	0	True	0.8966666	0.7933334	0.8133333	4.2	2.907	0	4.243	4.254	100	-0.034	4.208	0	0	0	0	0	0	0	0	0	0	0	0	0	0	0	17.4	0	0	0	0	0	0	0	0	0	0	0	0	0	0	0	0	0	0	0	0	0	0	0	0	0	0	0	0	0	0	0	0	0	0	
10/03/2022 15:34:56	0	0	6	15	15.04	0.2	2334	2677	4.208	4.2085	17.4	0	True	0.8533334	0.7933334	0.78	4.2	2.9092	0	4.243	4.254	100	-0.034	4.208	0	0	0	0	0	0	0	0	0	0	0	0	0	0	0	17.4	0	0	0	0	0	0	0	0	0	0	0	0	0	0	0	0	0	0	0	0	0	0	0	0	0	0	0	0	0	0	0	0	0	0	
10/03/2022 15:35:06	0	0	6	15	15.03	0.2	2334	2687	4.208	4.2085	17.4	0	True	0.835	0.79	0.785	4.2	2.9114	0	4.254	4.254	100	-0.034	4.208	0	0	0	0	0	0	0	0	0	0	0	0	0	0	0	17.4	0	0	0	0	0	0	0	0	0	0	0	0	0	0	0	0	0	0	0	0	0	0	0	0	0	0	0	0	0	0	0	0	0	0	
10/03/2022 15:35:16	0	0	6	15	15.03	0.2	2330	2697	4.208	4.2085	17.4	0	True	0.7966667	0.6983333	0.6983333	4.2	2.9135	0	4.243	4.254	100	-0.034	4.208	0	0	0	0	0	0	0	0	0	0	0	0	0	0	0	17.4	0	0	0	0	0	0	0	0	0	0	0	0	0	0	0	0	0	0	0	0	0	0	0	0	0	0	0	0	0	0	0	0	0	0	
10/03/2022 15:35:26	0	0	6	15	15.03	0.2	2326	2707	4.208	4.2085	17.4	0	True	0.76	0.6966667	0.5983334	4.2	2.9156	0	4.254	4.254	100	-0.034	4.208	0	0	0	0	0	0	0	0	0	0	0	0	0	0	0	17.4	0	0	0	0	0	0	0	0	0	0	0	0	0	0	0	0	0	0	0	0	0	0	0	0	0	0	0	0	0	0	0	0	0	0	
10/03/2022 15:35:36	0	0	6	15	15.03	0.2	2326	2717	4.208	4.2085	17.4	0	True	0.7016667	0.625	0.6316667	4.2	2.9171	0	4.243	4.254	100	-0.034	4.208	0	0	0	0	0	0	0	0	0	0	0	0	0	0	0	17.4	0	0	0	0	0	0	0	0	0	0	0	0	0	0	0	0	0	0	0	0	0	0	0	0	0	0	0	0	0	0	0	0	0	0	
10/03/2022 15:35:46	0	0	6	15	15.03	0.2	2322	2728	4.208	4.2085	17.4	0	True	0.665	0.5766667	0.5216666	4.2	2.919	0	4.243	4.254	100	-0.034	4.208	0	0	0	0	0	0	0	0	0	0	0	0	0	0	0	17.4	0	0	0	0	0	0	0	0	0	0	0	0	0	0	0	0	0	0	0	0	0	0	0	0	0	0	0	0	0	0	0	0	0	0	
10/03/2022 15:35:56	0	0	6	15	15.03	0.2	2322	2738	4.208	4.2081	17.4	0	True	0.6083333	0.5316667	0.5433334	4.2	2.9205	0	4.243	4.254	100	-0.034	4.208	0	0	0	0	0	0	0	0	0	0	0	0	0	0	0	17.4	0	0	0	0	0	0	0	0	0	0	0	0	0	0	0	0	0	0	0	0	0	0	0	0	0	0	0	0	0	0	0	0	0	0	
10/03/2022 15:36:06	0	0	6	15	15.03	0.2	2322	2748	4.208	4.2085	17.4	0	True	0.58	0.5433334	0.555	4.2	2.922	0	4.243	4.254	100	-0.034	4.208	0	0	0	0	0	0	0	0	0	0	0	0	0	0	0	17.4	0	0	0	0	0	0	0	0	0	0	0	0	0	0	0	0	0	0	0	0	0	0	0	0	0	0	0	0	0	0	0	0	0	0	
10/03/2022 15:36:16	0	0	6	15	15.04	0.2	2322	2758	4.208	4.2085	17.4	0	True	0.5633333	0.5383334	0.5383334	4.2	2.9235	0	4.243	4.254	100	-0.034	4.208	0	0	0	0	0	0	0	0	0	0	0	0	0	0	0	17.4	0	0	0	0	0	0	0	0	0	0	0	0	0	0	0	0	0	0	0	0	0	0	0	0	0	0	0	0	0	0	0	0	0	0	
10/03/2022 15:36:26	0	0	6	15	15.03	0.2	2322	2768	4.208	4.2085	17.4	0	True	0.5466667	0.5233333	0.5166667	4.2	2.9249	0	4.243	4.254	100	-0.034	4.208	0	0	0	0	0	0	0	0	0	0	0	0	0	0	0	17.4	0	0	0	0	0	0	0	0	0	0	0	0	0	0	0	0	0	0	0	0	0	0	0	0	0	0	0	0	0	0	0	0	0	0	
10/03/2022 15:36:36	0	0	6	15	15.03	0.2	2322	2776	4.208	4.2085	17.4	0	True	0.5333334	0.5266666	0.5166667	4.2	2.9261	0	4.254	4.254	100	-0.034	4.208	0	0	0	0	0	0	0	0	0	0	0	0	0	0	0	17.4	0	0	0	0	0	0	0	0	0	0	0	0	0	0	0	0	0	0	0	0	0	0	0	0	0	0	0	0	0	0	0	0	0	0	
10/03/2022 15:36:47	0	0	6	15	15.03	0.2	2322	2788	4.208	4.2085	17.4	0	True	0.5233333	0.5183333	0.5116667	4.2	2.9278	0	4.254	4.254	100	-0.034	4.208	0	0	0	0	0	0	0	0	0	0	0	0	0	0	0	17.4	0	0	0	0	0	0	0	0	0	0	0	0	0	0	0	0	0	0	0	0	0	0	0	0	0	0	0	0	0	0	0	0	0	0	
10/03/2022 15:36:57	0	0	6	15	15.03	0.2	2322	2798	4.208	4.2085	17.4	0	True	0.515	0.5133333	0.5216666	4.2	2.9293	0	4.254	4.254	100	-0.034	4.208	0	0	0	0	0	0	0	0	0	0	0	0	0	0	0	17.4	0	0	0	0	0	0	0	0	0	0	0	0	0	0	0	0	0	0	0	0	0	0	0	0	0	0	0	0	0	0	0	0	0	0	
10/03/2022 15:37:07	0	0	6	15	15.03	0.1	2316	2808	4.208	4.2085	17.4	0	True	0.4983333	0.425	0.4283333	4.2	2.9306	0	4.243	4.254	100	-0.034	4.208	0	0	0	0	0	0	0	0	0	0	0	0	0	0	0	17.4	0	0	0	0	0	0	0	0	0	0	0	0	0	0	0	0	0	0	0	0	0	0	0	0	0	0	0	0	0	0	0	0	0	0	
10/03/2022 15:37:17	0	0	6	15	15.03	0.1	2314	2818	4.208	4.2085	17.4	0	True	0.435	0.3383333	0.3233333	4.2	2.9315	0	4.243	4.254	100	-0.034	4.208	0	0	0	0	0	0	0	0	0	0	0	0	0	0	0	17.4	0	0	0	0	0	0	0	0	0	0	0	0	0	0	0	0	0	0	0	0	0	0	0	0	0	0	0	0	0	0	0	0	0	0	
10/03/2022 15:37:27	0	0	6	15	15.03	0.1	2314	2828	4.208	4.2085	17.4	0	True	0.3966667	0.3466667	0.345	4.2	2.9325	0	4.243	4.254	100	-0.034	4.208	0	0	0	0	0	0	0	0	0	0	0	0	0	0	0	17.4	0	0	0	0	0	0	0	0	0	0	0	0	0	0	0	0	0	0	0	0	0	0	0	0	0	0	0	0	0	0	0	0	0	0	
10/03/2022 15:37:37	0	0	6	15	15.03	0.1	2314	2838	4.208	4.2084	17.4	0	True	0.3783333	0.3566667	0.3566667	4.2	2.9334	0	4.243	4.254	100	-0.034	4.208	0	0	0	0	0	0	0	0	0	0	0	0	0	0	0	17.4	0	0	0	0	0	0	0	0	0	0	0	0	0	0	0	0	0	0	0	0	0	0	0	0	0	0	0	0	0	0	0	0	0	0	
10/03/2022 15:37:47	0	0	6	14.99	15.03	0.1	2314	2848	4.208	4.2085	17.4	0	True	0.3616667	0.3516667	0.3333333	4.2	2.9344	0	4.243	4.254	100	-0.034	4.208	0	0	0	0	0	0	0	0	0	0	0	0	0	0	0	17.4	0	0	0	0	0	0	0	0	0	0	0	0	0	0	0	0	0	0	0	0	0	0	0	0	0	0	0	0	0	0	0	0	0	0	
10/03/2022 15:37:57	0	0	6	15	15.04	0.1	2314	2858	4.208	4.2085	17.4	0	True	0.345	0.34	0.3566667	4.2	2.9354	0	4.243	4.254	100	-0.034	4.208	0	0	0	0	0	0	0	0	0	0	0	0	0	0	0	17.4	0	0	0	0	0	0	0	0	0	0	0	0	0	0	0	0	0	0	0	0	0	0	0	0	0	0	0	0	0	0	0	0	0	0	
10/03/2022 15:38:07	0	0	6	15	15.03	0.1	2314	2868	4.208	4.2085	17.4	0	True	0.345	0.345	0.3566667	4.2	2.9363	0	4.243	4.254	100	-0.034	4.208	0	0	0	0	0	0	0	0	0	0	0	0	0	0	0	17.4	0	0	0	0	0	0	0	0	0	0	0	0	0	0	0	0	0	0	0	0	0	0	0	0	0	0	0	0	0	0	0	0	0	0	
10/03/2022 15:38:17	0	0	6	14.99	15.03	0.1	2314	2878	4.208	4.2085	17.4	0	True	0.34	0.3433333	0.3333333	4.2	2.9373	0	4.254	4.254	100	-0.034	4.208	0	0	0	0	0	0	0	0	0	0	0	0	0	0	0	17.4	0	0	0	0	0	0	0	0	0	0	0	0	0	0	0	0	0	0	0	0	0	0	0	0	0	0	0	0	0	0	0	0	0	0	
10/03/2022 15:38:27	0	0	6	15	15.03	0.1	2314	2888	4.208	4.2085	17.4	0	True	0.335	0.3383333	0.3233333	4.2	2.9382	0	4.243	4.254	100	-0.034	4.208	0	0	0	0	0	0	0	0	0	0	0	0	0	0	0	17.4	0	0	0	0	0	0	0	0	0	0	0	0	0	0	0	0	0	0	0	0	0	0	0	0	0	0	0	0	0	0	0	0	0	0	
10/03/2022 15:38:37	0	0	6	14.99	15.03	0.1	2314	2898	4.208	4.2085	17.4	0	True	0.3383333	0.34	0.3616667	4.2	2.9392	0	4.243	4.254	100	-0.034	4.208	0	0	0	0	0	0	0	0	0	0	0	0	0	0	0	17.4	0	0	0	0	0	0	0	0	0	0	0	0	0	0	0	0	0	0	0	0	0	0	0	0	0	0	0	0	0	0	0	0	0	0	
10/03/2022 15:38:48	0	0	6	15	15.03	0.1	2314	2908	4.208	4.2085	17.4	0	True	0.33	0.325	0.3333333	4.2	2.9401	0	4.243	4.254	100	-0.046	4.208	0	0	0	0	0	0	0	0	0	0	0	0	0	0	0	17.4	0	0	0	0	0	0	0	0	0	0	0	0	0	0	0	0	0	0	0	0	0	0	0	0	0	0	0	0	0	0	0	0	0	0	
10/03/2022 15:38:58	0	0	6	14.99	15.03	0.1	2310	2918	4.208	4.2085	17.4	0	True	0.315	0.2366667	0.2366667	4.2	2.9409	0	4.243	4.254	100	-0.034	4.208	0	0	0	0	0	0	0	0	0	0	0	0	0	0	0	17.4	0	0	0	0	0	0	0	0	0	0	0	0	0	0	0	0	0	0	0	0	0	0	0	0	0	0	0	0	0	0	0	0	0	0	
10/03/2022 15:39:08	0	0	6	14.99	15.03	0.1	2310	2928	4.208	4.2085	17.4	0	True	0.29	0.2483333	0.2366667	4.2	2.9416	0	4.254	4.254	100	-0.034	4.208	0	0	0	0	0	0	0	0	0	0	0	0	0	0	0	17.4	0	0	0	0	0	0	0	0	0	0	0	0	0	0	0	0	0	0	0	0	0	0	0	0	0	0	0	0	0	0	0	0	0	0	
10/03/2022 15:39:18	0	0	6	14.99	15.03	0.1	2310	2938	4.208	4.2085	17.4	0	True	0.2733333	0.2483333	0.2366667	4.2	2.9423	0	4.243	4.254	100	-0.034	4.208	0	0	0	0	0	0	0	0	0	0	0	0	0	0	0	17.4	0	0	0	0	0	0	0	0	0	0	0	0	0	0	0	0	0	0	0	0	0	0	0	0	0	0	0	0	0	0	0	0	0	0	
10/03/2022 15:39:28	0	0	6	14.99	15.03	0.1	2310	2948	4.208	4.2085	17.4	0	True	0.2566667	0.2483333	0.225	4.2	2.9429	0	4.254	4.254	100	-0.034	4.208	0	0	0	0	0	0	0	0	0	0	0	0	0	0	0	17.4	0	0	0	0	0	0	0	0	0	0	0	0	0	0	0	0	0	0	0	0	0	0	0	0	0	0	0	0	0	0	0	0	0	0	
10/03/2022 15:39:38	0	0	6	15	15.03	0.1	2310	2958	4.208	4.2085	17.4	0	True	0.245	0.245	0.245	4.2	2.9436	0	4.243	4.254	100	-0.034	4.208	0	0	0	0	0	0	0	0	0	0	0	0	0	0	0	17.4	0	0	0	0	0	0	0	0	0	0	0	0	0	0	0	0	0	0	0	0	0	0	0	0	0	0	0	0	0	0	0	0	0	0	
10/03/2022 15:39:49	0	0	6	15	15.03	0.1	2310	2968	4.208	4.2085	17.4	0	True	0.245	0.245	0.245	4.2	2.9444	0	4.254	4.254	100	-0.034	4.208	0	0	0	0	0	0	0	0	0	0	0	0	0	0	0	17.4	0	0	0	0	0	0	0	0	0	0	0	0	0	0	0	0	0	0	0	0	0	0	0	0	0	0	0	0	0	0	0	0	0	0	
10/03/2022 15:39:59	0	0	6	14.99	15.03	0.1	2310	2978	4.208	4.2085	17.4	0	True	0.2383333	0.235	0.23	4.2	2.945	0	4.243	4.254	100	-0.034	4.208	0	0	0	0	0	0	0	0	0	0	0	0	0	0	0	17.4	0	0	0	0	0	0	0	0	0	0	0	0	0	0	0	0	0	0	0	0	0	0	0	0	0	0	0	0	0	0	0	0	0	0	
10/03/2022 15:40:09	0	0	6	14.99	15.03	0.1	2308	2988	4.208	4.2085	17.4	0	True	0.2383333	0.24	0.245	4.2	2.9457	0	4.254	4.254	100	-0.034	4.208	0	0	0	0	0	0	0	0	0	0	0	0	0	0	0	17.4	0	0	0	0	0	0	0	0	0	0	0	0	0	0	0	0	0	0	0	0	0	0	0	0	0	0	0	0	0	0	0	0	0	0	
10/03/2022 15:40:19	0	0	6	14.99	15.03	0	2306	2998	4.208	4.2085	17.4	0	True	0.22	0.1466667	0.1416667	4.2	2.9462	0	4.243	4.254	100	-0.046	4.208	0	0	0	0	0	0	0	0	0	0	0	0	0	0	0	17.4	0	0	0	0	0	0	0	0	0	0	0	0	0	0	0	0	0	0	0	0	0	0	0	0	0	0	0	0	0	0	0	0	0	0	
10/03/2022 15:40:29	0	0	11	14.99	15.04	0	0	6	4.207	4.2085	17.4	0	True	0.145	0	0.003333333	4.2	2.9464	0	4.243	4.254	100	-0.034	4.207	0	0	0	0	0	0	0	0	0	0	0	0	0	0	0	17.4	0	0	0	0	0	0	0	0	0	0	0	0	0	0	0	0	0	0	0	0	0	0	0	0	0	0	0	0	0	0	0	0	0	0	
10/03/2022 15:40:39	0	0	11	14.99	15.04	0	0	16	4.205	4.2085	17.4	0	True	0.08166666	0	0	4.2	2.9464	0	4.243	4.254	100	-0.034	4.205	0	0	0	0	0	0	0	0	0	0	0	0	0	0	0	17.4	0	0	0	0	0	0	0	0	0	0	0	0	0	0	0	0	0	0	0	0	0	0	0	0	0	0	0	0	0	0	0	0	0	0	
10/03/2022 15:40:49	0	0	11	14.99	15.05	0	0	26	4.204	4.2085	17.4	0	True	0.04833333	0	0	4.2	2.9464	0	4.243	4.252	100	-0.034	4.204	0	0	0	0	0	0	0	0	0	0	0	0	0	0	0	17.4	0	0	0	0	0	0	0	0	0	0	0	0	0	0	0	0	0	0	0	0	0	0	0	0	0	0	0	0	0	0	0	0	0	0	
10/03/2022 15:40:59	0	0	11	14.99	15.05	0	0	36	4.204	4.2085	17.4	0	True	0.03166667	0	0	4.2	2.9464	0	4.243	4.252	100	-0.034	4.204	0	0	0	0	0	0	0	0	0	0	0	0	0	0	0	17.4	0	0	0	0	0	0	0	0	0	0	0	0	0	0	0	0	0	0	0	0	0	0	0	0	0	0	0	0	0	0	0	0	0	0	
10/03/2022 15:41:09	0	0	11	14.99	15.05	0	0	46	4.203	4.2085	17.4	0	True	0.015	0	0	4.2	2.9464	0	4.243	4.248	100	-0.034	4.203	0	0	0	0	0	0	0	0	0	0	0	0	0	0	0	17.4	0	0	0	0	0	0	0	0	0	0	0	0	0	0	0	0	0	0	0	0	0	0	0	0	0	0	0	0	0	0	0	0	0	0	
10/03/2022 15:41:19	0	0	11	14.99	15.05	0	0	56	4.203	4.2085	17.4	0	True	0	0	0	4.2	2.9464	0	4.243	4.245	100	-0.034	4.203	0	0	0	0	0	0	0	0	0	0	0	0	0	0	0	17.4	0	0	0	0	0	0	0	0	0	0	0	0	0	0	0	0	0	0	0	0	0	0	0	0	0	0	0	0	0	0	0	0	0	0	
10/03/2022 15:41:29	0	0	8	14.99	15	0	3398	6	4.17	4.171	17.4	0	False	-3.495	-3.926667	-4.246666	4.25	2.9464	0.0051	4.209	4.209	-1	-0.034	4.17	0	0	0	0	0	0	0	0	0	0	0	0	0	0	0	17.4	0	0	0	0	0	0	0	0	0	0	0	0	0	0	0	0	0	0	0	0	0	0	0	0	0	0	0	0	0	0	0	0	0	0	
10/03/2022 15:41:39	0	0	8	14.99	15	0	3392	16	4.148	4.1485	17.4	0	False	-4.1	-4.255	-4.246666	4.25	2.9464	0.0169	4.186	4.186	-1	-0.034	4.148	0	0	0	0	0	0	0	0	0	0	0	0	0	0	0	17.4	0	0	0	0	0	0	0	0	0	0	0	0	0	0	0	0	0	0	0	0	0	0	0	0	0	0	0	0	0	0	0	0	0	0	
10/03/2022 15:41:49	0	0	8	14.99	15	0	3392	26	4.135	4.1348	17.4	0	False	-4.166667	-4.246666	-4.246666	4.25	2.9464	0.0287	4.174	4.174	-1	-0.046	4.135	0	0	0	0	0	0	0	0	0	0	0	0	0	0	0	17.4	0	0	0	0	0	0	0	0	0	0	0	0	0	0	0	0	0	0	0	0	0	0	0	0	0	0	0	0	0	0	0	0	0	0	
10/03/2022 15:41:59	0	0	8	14.99	15	0	3388	36	4.123	4.1248	17.4	0	False	-4.2	-4.25	-4.246666	4.25	2.9464	0.0405	4.163	4.163	-1	-0.034	4.123	0	0	0	0	0	0	0	0	0	0	0	0	0	0	0	17.4	0	0	0	0	0	0	0	0	0	0	0	0	0	0	0	0	0	0	0	0	0	0	0	0	0	0	0	0	0	0	0	0	0	0	
10/03/2022 15:42:09	0	0	8	14.99	15	0	3384	46	4.115	4.116	17.4	0	False	-4.216667	-4.256667	-4.273334	4.25	2.9464	0.0523	4.151	4.151	-1	-0.034	4.115	0	0	0	0	0	0	0	0	0	0	0	0	0	0	0	17.4	0	0	0	0	0	0	0	0	0	0	0	0	0	0	0	0	0	0	0	0	0	0	0	0	0	0	0	0	0	0	0	0	0	0	
10/03/2022 15:42:20	0	0	8	14.99	15	0	3396	56	4.108	4.1085	17.4	0	False	-4.233333	-4.246666	-4.246666	4.25	2.9464	0.0641	4.14	4.14	-1	-0.046	4.108	0	0	0	0	0	0	0	0	0	0	0	0	0	0	0	17.4	0	0	0	0	0	0	0	0	0	0	0	0	0	0	0	0	0	0	0	0	0	0	0	0	0	0	0	0	0	0	0	0	0	0	
10/03/2022 15:42:30	0	0	8	14.99	15	0	3394	66	4.102	4.1031	17.4	0	False	-4.245	-4.25	-4.258333	4.25	2.9464	0.0759	4.14	4.141	-1	-0.046	4.102	0	0	0	0	0	0	0	0	0	0	0	0	0	0	0	17.4	0	0	0	0	0	0	0	0	0	0	0	0	0	0	0	0	0	0	0	0	0	0	0	0	0	0	0	0	0	0	0	0	0	0	
10/03/2022 15:42:40	0	0	8	14.98	15	0	3406	76	4.096	4.0972	17.4	0	False	-4.245	-4.236667	-4.236667	4.25	2.9464	0.0877	4.128	4.14	-1	-0.034	4.096	0	0	0	0	0	0	0	0	0	0	0	0	0	0	0	17.4	0	0	0	0	0	0	0	0	0	0	0	0	0	0	0	0	0	0	0	0	0	0	0	0	0	0	0	0	0	0	0	0	0	0	
10/03/2022 15:42:50	0	0	8	14.99	15	0	3400	86	4.09	4.091	17.4	0	False	-4.245	-4.246666	-4.265	4.25	2.9464	0.0995	4.128	4.138	-1	-0.046	4.09	0	0	0	0	0	0	0	0	0	0	0	0	0	0	0	17.4	0	0	0	0	0	0	0	0	0	0	0	0	0	0	0	0	0	0	0	0	0	0	0	0	0	0	0	0	0	0	0	0	0	0	
10/03/2022 15:43:00	0	0	8	14.99	15	0	3404	96	4.086	4.0865	17.4	0	False	-4.246666	-4.241667	-4.241667	4.25	2.9464	0.1113	4.128	4.128	-1	-0.046	4.086	0	0	0	0	0	0	0	0	0	0	0	0	0	0	0	17.4	0	0	0	0	0	0	0	0	0	0	0	0	0	0	0	0	0	0	0	0	0	0	0	0	0	0	0	0	0	0	0	0	0	0	
10/03/2022 15:43:10	0	0	8	14.99	15	0	3388	106	4.081	4.0819	17.4	0	False	-4.245	-4.255	-4.265	4.25	2.9464	0.1231	4.105	4.128	-1	-0.034	4.081	0	0	0	0	0	0	0	0	0	0	0	0	0	0	0	17.4	0	0	0	0	0	0	0	0	0	0	0	0	0	0	0	0	0	0	0	0	0	0	0	0	0	0	0	0	0	0	0	0	0	0	
10/03/2022 15:43:20	0	0	8	14.99	15	0	3396	116	4.076	4.0765	17.4	0	False	-4.248333	-4.251667	-4.208333	4.25	2.9464	0.1349	4.117	4.117	-1	-0.034	4.076	0	0	0	0	0	0	0	0	0	0	0	0	0	0	0	17.4	0	0	0	0	0	0	0	0	0	0	0	0	0	0	0	0	0	0	0	0	0	0	0	0	0	0	0	0	0	0	0	0	0	0	
10/03/2022 15:43:30	0	0	8	14.99	15	0	3398	126	4.072	4.0729	17.4	0	False	-4.248333	-4.251667	-4.236667	4.25	2.9464	0.1467	4.105	4.117	-1	-0.034	4.072	0	0	0	0	0	0	0	0	0	0	0	0	0	0	0	17.4	0	0	0	0	0	0	0	0	0	0	0	0	0	0	0	0	0	0	0	0	0	0	0	0	0	0	0	0	0	0	0	0	0	0	
10/03/2022 15:43:40	0	0	8	14.98	15	0	3410	136	4.069	4.0696	17.4	0	False	-4.246666	-4.24	-4.265	4.25	2.9464	0.1585	4.105	4.115	-1	-0.023	4.069	0	0	0	0	0	0	0	0	0	0	0	0	0	0	0	17.4	0	0	0	0	0	0	0	0	0	0	0	0	0	0	0	0	0	0	0	0	0	0	0	0	0	0	0	0	0	0	0	0	0	0	
10/03/2022 15:43:50	0	0	8	14.98	15	0	3398	146	4.066	4.0663	17.4	0	False	-4.246666	-4.251667	-4.22	4.25	2.9464	0.1703	4.105	4.105	-1	-0.034	4.066	0	0	0	0	0	0	0	0	0	0	0	0	0	0	0	17.4	0	0	0	0	0	0	0	0	0	0	0	0	0	0	0	0	0	0	0	0	0	0	0	0	0	0	0	0	0	0	0	0	0	0	
10/03/2022 15:44:00	0	0	8	14.98	15	0	3396	156	4.063	4.0633	17.4	0	False	-4.248333	-4.25	-4.231667	4.25	2.9464	0.1821	4.094	4.105	-1	-0.034	4.063	0	0	0	0	0	0	0	0	0	0	0	0	0	0	0	17.4	0	0	0	0	0	0	0	0	0	0	0	0	0	0	0	0	0	0	0	0	0	0	0	0	0	0	0	0	0	0	0	0	0	0	
10/03/2022 15:44:10	0	0	8	14.99	15	0	3400	166	4.06	4.0605	17.4	0	False	-4.248333	-4.248333	-4.241667	4.25	2.9464	0.1939	4.094	4.105	-1	-0.023	4.06	0	0	0	0	0	0	0	0	0	0	0	0	0	0	0	17.4	0	0	0	0	0	0	0	0	0	0	0	0	0	0	0	0	0	0	0	0	0	0	0	0	0	0	0	0	0	0	0	0	0	0	
10/03/2022 15:44:20	0	0	8	14.98	15	0	3392	176	4.058	4.0584	17.4	0	False	-4.245	-4.253334	-4.265	4.25	2.9464	0.2057	4.094	4.105	-1	-0.034	4.058	0	0	0	0	0	0	0	0	0	0	0	0	0	0	0	17.4	0	0	0	0	0	0	0	0	0	0	0	0	0	0	0	0	0	0	0	0	0	0	0	0	0	0	0	0	0	0	0	0	0	0	
10/03/2022 15:44:30	0	0	8	14.98	15	0	3406	186	4.055	4.056	17.4	0	False	-4.245	-4.243333	-4.258333	4.25	2.9464	0.2175	4.094	4.094	-1	-0.046	4.055	0	0	0	0	0	0	0	0	0	0	0	0	0	0	0	17.4	0	0	0	0	0	0	0	0	0	0	0	0	0	0	0	0	0	0	0	0	0	0	0	0	0	0	0	0	0	0	0	0	0	0	
10/03/2022 15:44:41	0	0	8	14.99	15	0	3396	196	4.053	4.0535	17.4	0	False	-4.245	-4.246666	-4.253334	4.25	2.9464	0.2293	4.082	4.094	-1	-0.034	4.053	0	0	0	0	0	0	0	0	0	0	0	0	0	0	0	17.4	0	0	0	0	0	0	0	0	0	0	0	0	0	0	0	0	0	0	0	0	0	0	0	0	0	0	0	0	0	0	0	0	0	0	
10/03/2022 15:44:51	0	0	8	14.98	15	0	3398	206	4.05	4.051	17.4	0	False	-4.243333	-4.251667	-4.241667	4.25	2.9464	0.2411	4.094	4.094	-1	-0.034	4.05	0	0	0	0	0	0	0	0	0	0	0	0	0	0	0	17.4	0	0	0	0	0	0	0	0	0	0	0	0	0	0	0	0	0	0	0	0	0	0	0	0	0	0	0	0	0	0	0	0	0	0	
10/03/2022 15:45:01	0	0	8	14.99	15	0	3406	216	4.049	4.0496	17.4	0	False	-4.25	-4.241667	-4.241667	4.25	2.9464	0.2529	4.082	4.094	-1	-0.034	4.049	0	0	0	0	0	0	0	0	0	0	0	0	0	0	0	17.4	0	0	0	0	0	0	0	0	0	0	0	0	0	0	0	0	0	0	0	0	0	0	0	0	0	0	0	0	0	0	0	0	0	0	
10/03/2022 15:45:11	0	0	8	14.99	15	0	3400	226	4.047	4.0478	17.4	0	False	-4.246666	-4.243333	-4.22	4.25	2.9464	0.2647	4.082	4.093	-1	-0.034	4.047	0	0	0	0	0	0	0	0	0	0	0	0	0	0	0	17.4	0	0	0	0	0	0	0	0	0	0	0	0	0	0	0	0	0	0	0	0	0	0	0	0	0	0	0	0	0	0	0	0	0	0	
10/03/2022 15:45:21	0	0	8	14.98	15	0	3400	236	4.045	4.046	17.4	0	False	-4.246666	-4.243333	-4.253334	4.25	2.9464	0.2765	4.082	4.09	-1	-0.034	4.045	0	0	0	0	0	0	0	0	0	0	0	0	0	0	0	17.4	0	0	0	0	0	0	0	0	0	0	0	0	0	0	0	0	0	0	0	0	0	0	0	0	0	0	0	0	0	0	0	0	0	0	
10/03/2022 15:45:31	0	0	8	14.98	15	0	3394	246	4.043	4.044	17.4	0	False	-4.25	-4.25	-4.236667	4.25	2.9464	0.2883	4.082	4.082	-1	-0.046	4.043	0	0	0	0	0	0	0	0	0	0	0	0	0	0	0	17.4	0	0	0	0	0	0	0	0	0	0	0	0	0	0	0	0	0	0	0	0	0	0	0	0	0	0	0	0	0	0	0	0	0	0	
10/03/2022 15:45:41	0	0	8	14.98	15	0	3396	256	4.042	4.0422	17.4	0	False	-4.245	-4.245	-4.258333	4.25	2.9464	0.3001	4.082	4.082	-1	-0.034	4.042	0	0	0	0	0	0	0	0	0	0	0	0	0	0	0	17.4	0	0	0	0	0	0	0	0	0	0	0	0	0	0	0	0	0	0	0	0	0	0	0	0	0	0	0	0	0	0	0	0	0	0	
10/03/2022 15:45:51	0	0	8	14.98	15	0	3396	266	4.04	4.041	17.4	0	False	-4.246666	-4.246666	-4.258333	4.25	2.9464	0.3119	4.071	4.082	-1	-0.034	4.04	0	0	0	0	0	0	0	0	0	0	0	0	0	0	0	17.4	0	0	0	0	0	0	0	0	0	0	0	0	0	0	0	0	0	0	0	0	0	0	0	0	0	0	0	0	0	0	0	0	0	0	
10/03/2022 15:46:01	0	0	8	14.99	15	0	3396	276	4.039	4.0397	17.4	0	False	-4.246666	-4.248333	-4.265	4.25	2.9464	0.3237	4.071	4.082	-1	-0.034	4.039	0	0	0	0	0	0	0	0	0	0	0	0	0	0	0	17.4	0	0	0	0	0	0	0	0	0	0	0	0	0	0	0	0	0	0	0	0	0	0	0	0	0	0	0	0	0	0	0	0	0	0	
10/03/2022 15:46:11	0	0	8	14.99	15	0	3406	286	4.038	4.0383	17.4	0	False	-4.246666	-4.243333	-4.231667	4.25	2.9464	0.3367	4.071	4.082	-1	-0.046	4.038	0	0	0	0	0	0	0	0	0	0	0	0	0	0	0	17.4	0	0	0	0	0	0	0	0	0	0	0	0	0	0	0	0	0	0	0	0	0	0	0	0	0	0	0	0	0	0	0	0	0	0	
10/03/2022 15:46:21	0	0	8	14.99	15	0	3406	296	4.036	4.0371	17.4	0	False	-4.246666	-4.241667	-4.241667	4.25	2.9464	0.3485	4.071	4.081	-1	-0.034	4.036	0	0	0	0	0	0	0	0	0	0	0	0	0	0	0	17.4	0	0	0	0	0	0	0	0	0	0	0	0	0	0	0	0	0	0	0	0	0	0	0	0	0	0	0	0	0	0	0	0	0	0	
10/03/2022 15:46:32	0	0	8	14.99	15	0	3406	306	4.035	4.0357	17.4	0	False	-4.248333	-4.24	-4.231667	4.25	2.9464	0.3603	4.071	4.082	-1	-0.034	4.035	0	0	0	0	0	0	0	0	0	0	0	0	0	0	0	17.4	0	0	0	0	0	0	0	0	0	0	0	0	0	0	0	0	0	0	0	0	0	0	0	0	0	0	0	0	0	0	0	0	0	0	
10/03/2022 15:46:42	0	0	8	14.98	15	0	3402	316	4.034	4.0347	17.4	0	False	-4.246666	-4.246666	-4.253334	4.25	2.9464	0.3721	4.071	4.078	-1	-0.034	4.034	0	0	0	0	0	0	0	0	0	0	0	0	0	0	0	17.4	0	0	0	0	0	0	0	0	0	0	0	0	0	0	0	0	0	0	0	0	0	0	0	0	0	0	0	0	0	0	0	0	0	0	
10/03/2022 15:46:52	0	0	8	14.98	15	0	3396	327	4.032	4.0332	17.4	0	False	-4.246666	-4.253334	-4.215	4.25	2.9464	0.3839	4.071	4.073	-1	-0.046	4.032	0	0	0	0	0	0	0	0	0	0	0	0	0	0	0	17.4	0	0	0	0	0	0	0	0	0	0	0	0	0	0	0	0	0	0	0	0	0	0	0	0	0	0	0	0	0	0	0	0	0	0	
10/03/2022 15:47:02	0	0	8	14.98	15	0	3398	337	4.031	4.032	17.4	0	False	-4.248333	-4.248333	-4.258333	4.25	2.9464	0.3957	4.071	4.071	-1	-0.046	4.031	0	0	0	0	0	0	0	0	0	0	0	0	0	0	0	17.4	0	0	0	0	0	0	0	0	0	0	0	0	0	0	0	0	0	0	0	0	0	0	0	0	0	0	0	0	0	0	0	0	0	0	
10/03/2022 15:47:12	0	0	8	14.98	15	0	3400	347	4.03	4.0307	17.4	0	False	-4.248333	-4.25	-4.253334	4.25	2.9464	0.4075	4.06	4.071	-1	-0.034	4.03	0	0	0	0	0	0	0	0	0	0	0	0	0	0	0	17.4	0	0	0	0	0	0	0	0	0	0	0	0	0	0	0	0	0	0	0	0	0	0	0	0	0	0	0	0	0	0	0	0	0	0	
10/03/2022 15:47:22	0	0	8	14.98	15	0	3394	357	4.029	4.0295	17.4	0	False	-4.246666	-4.25	-4.231667	4.25	2.9464	0.4193	4.06	4.071	-1	-0.046	4.029	0	0	0	0	0	0	0	0	0	0	0	0	0	0	0	17.4	0	0	0	0	0	0	0	0	0	0	0	0	0	0	0	0	0	0	0	0	0	0	0	0	0	0	0	0	0	0	0	0	0	0	
10/03/2022 15:47:32	0	0	8	14.98	15	0	3408	367	4.028	4.0285	17.4	0	False	-4.246666	-4.241667	-4.241667	4.25	2.9464	0.4311	4.06	4.071	-1	-0.034	4.028	0	0	0	0	0	0	0	0	0	0	0	0	0	0	0	17.4	0	0	0	0	0	0	0	0	0	0	0	0	0	0	0	0	0	0	0	0	0	0	0	0	0	0	0	0	0	0	0	0	0	0	
10/03/2022 15:47:43	0	0	8	14.98	15	0	3396	377	4.026	4.0272	17.4	0	False	-4.253334	-4.25	-4.22	4.25	2.9464	0.4429	4.06	4.071	-1	-0.034	4.026	0	0	0	0	0	0	0	0	0	0	0	0	0	0	0	17.4	0	0	0	0	0	0	0	0	0	0	0	0	0	0	0	0	0	0	0	0	0	0	0	0	0	0	0	0	0	0	0	0	0	0	
10/03/2022 15:47:53	0	0	8	14.98	15	0	3390	387	4.025	4.0259	17.4	0	False	-4.246666	-4.255	-4.235	4.25	2.9464	0.4547	4.06	4.071	-1	-0.034	4.025	0	0	0	0	0	0	0	0	0	0	0	0	0	0	0	17.4	0	0	0	0	0	0	0	0	0	0	0	0	0	0	0	0	0	0	0	0	0	0	0	0	0	0	0	0	0	0	0	0	0	0	
10/03/2022 15:48:03	0	0	8	14.98	15	0	3404	397	4.024	4.0247	17.4	0	False	-4.246666	-4.243333	-4.236667	4.25	2.9464	0.4665	4.06	4.071	-1	-0.034	4.024	0	0	0	0	0	0	0	0	0	0	0	0	0	0	0	17.4	0	0	0	0	0	0	0	0	0	0	0	0	0	0	0	0	0	0	0	0	0	0	0	0	0	0	0	0	0	0	0	0	0	0	
10/03/2022 15:48:13	0	0	8	14.98	15	0	3398	407	4.023	4.0233	17.4	0	False	-4.245	-4.25	-4.253334	4.25	2.9464	0.4783	4.06	4.063	-1	-0.023	4.023	0	0	0	0	0	0	0	0	0	0	0	0	0	0	0	17.4	0	0	0	0	0	0	0	0	0	0	0	0	0	0	0	0	0	0	0	0	0	0	0	0	0	0	0	0	0	0	0	0	0	0	
10/03/2022 15:48:23	0	0	8	14.99	15	0	3398	417	4.022	4.0222	17.4	0	False	-4.246666	-4.25	-4.265	4.25	2.9464	0.4901	4.048	4.06	-1	-0.046	4.022	0	0	0	0	0	0	0	0	0	0	0	0	0	0	0	17.4	0	0	0	0	0	0	0	0	0	0	0	0	0	0	0	0	0	0	0	0	0	0	0	0	0	0	0	0	0	0	0	0	0	0	
10/03/2022 15:48:33	0	0	8	14.98	15	0	3404	427	4.02	4.021	17.4	0	False	-4.248333	-4.241667	-4.241667	4.25	2.9464	0.5019	4.06	4.06	-1	-0.034	4.02	0	0	0	0	0	0	0	0	0	0	0	0	0	0	0	17.4	0	0	0	0	0	0	0	0	0	0	0	0	0	0	0	0	0	0	0	0	0	0	0	0	0	0	0	0	0	0	0	0	0	0	
10/03/2022 15:48:43	0	0	8	14.98	15	0	3404	437	4.019	4.0197	17.4	0	False	-4.25	-4.245	-4.253334	4.25	2.9464	0.5137	4.06	4.06	-1	-0.034	4.019	0	0	0	0	0	0	0	0	0	0	0	0	0	0	0	17.4	0	0	0	0	0	0	0	0	0	0	0	0	0	0	0	0	0	0	0	0	0	0	0	0	0	0	0	0	0	0	0	0	0	0	
10/03/2022 15:48:53	0	0	8	14.98	15	0	3400	447	4.018	4.0184	17.4	0	False	-4.248333	-4.25	-4.268333	4.25	2.9464	0.5255	4.048	4.06	-1	-0.034	4.018	0	0	0	0	0	0	0	0	0	0	0	0	0	0	0	17.4	0	0	0	0	0	0	0	0	0	0	0	0	0	0	0	0	0	0	0	0	0	0	0	0	0	0	0	0	0	0	0	0	0	0	
10/03/2022 15:49:03	0	0	8	14.99	15	0	3398	457	4.016	4.0171	17.4	0	False	-4.246666	-4.245	-4.265	4.25	2.9464	0.5373	4.048	4.06	-1	-0.034	4.016	0	0	0	0	0	0	0	0	0	0	0	0	0	0	0	17.4	0	0	0	0	0	0	0	0	0	0	0	0	0	0	0	0	0	0	0	0	0	0	0	0	0	0	0	0	0	0	0	0	0	0	
10/03/2022 15:49:13	0	0	8	14.98	15	0	3398	467	4.015	4.0158	17.4	0	False	-4.246666	-4.248333	-4.258333	4.25	2.9464	0.5491	4.048	4.06	-1	-0.034	4.015	0	0	0	0	0	0	0	0	0	0	0	0	0	0	0	17.4	0	0	0	0	0	0	0	0	0	0	0	0	0	0	0	0	0	0	0	0	0	0	0	0	0	0	0	0	0	0	0	0	0	0	
10/03/2022 15:49:23	0	0	8	14.98	15	0	3402	477	4.013	4.0138	17.4	0	False	-4.241667	-4.248333	-4.253334	4.25	2.9464	0.5609	4.037	4.059	-1	-0.034	4.013	0	0	0	0	0	0	0	0	0	0	0	0	0	0	0	17.4	0	0	0	0	0	0	0	0	0	0	0	0	0	0	0	0	0	0	0	0	0	0	0	0	0	0	0	0	0	0	0	0	0	0	
10/03/2022 15:49:33	0	0	8	14.98	15	0	3400	487	4.012	4.0122	17.4	0	False	-4.246666	-4.246666	-4.241667	4.25	2.9464	0.5727	4.048	4.058	-1	-0.034	4.012	0	0	0	0	0	0	0	0	0	0	0	0	0	0	0	17.4	0	0	0	0	0	0	0	0	0	0	0	0	0	0	0	0	0	0	0	0	0	0	0	0	0	0	0	0	0	0	0	0	0	0	
10/03/2022 15:49:44	0	0	8	14.99	15	0	3408	497	4.01	4.011	17.4	0	False	-4.246666	-4.241667	-4.241667	4.25	2.9464	0.5845	4.048	4.049	-1	-0.046	4.01	0	0	0	0	0	0	0	0	0	0	0	0	0	0	0	17.4	0	0	0	0	0	0	0	0	0	0	0	0	0	0	0	0	0	0	0	0	0	0	0	0	0	0	0	0	0	0	0	0	0	0	
10/03/2022 15:49:54	0	0	8	14.98	15	0	3400	507	4.009	4.0097	17.4	0	False	-4.245	-4.25	-4.241667	4.25	2.9464	0.5963	4.048	4.048	-1	-0.046	4.009	0	0	0	0	0	0	0	0	0	0	0	0	0	0	0	17.4	0	0	0	0	0	0	0	0	0	0	0	0	0	0	0	0	0	0	0	0	0	0	0	0	0	0	0	0	0	0	0	0	0	0	
10/03/2022 15:50:04	0	0	8	14.98	15	0	3394	517	4.007	4.0079	17.4	0	False	-4.251667	-4.25	-4.263333	4.25	2.9464	0.6092	4.048	4.048	-1	-0.046	4.007	0	0	0	0	0	0	0	0	0	0	0	0	0	0	0	17.4	0	0	0	0	0	0	0	0	0	0	0	0	0	0	0	0	0	0	0	0	0	0	0	0	0	0	0	0	0	0	0	0	0	0	
10/03/2022 15:50:14	0	0	8	14.98	15	0	3404	527	4.005	4.006	17.4	0	False	-4.248333	-4.238333	-4.253334	4.25	2.9464	0.6198	4.037	4.048	-1	-0.046	4.005	0	0	0	0	0	0	0	0	0	0	0	0	0	0	0	17.4	0	0	0	0	0	0	0	0	0	0	0	0	0	0	0	0	0	0	0	0	0	0	0	0	0	0	0	0	0	0	0	0	0	0	
10/03/2022 15:50:24	0	0	8	14.99	15	0	3406	537	4.004	4.0046	17.4	0	False	-4.245	-4.241667	-4.241667	4.25	2.9464	0.6328	4.037	4.048	-1	-0.034	4.004	0	0	0	0	0	0	0	0	0	0	0	0	0	0	0	17.4	0	0	0	0	0	0	0	0	0	0	0	0	0	0	0	0	0	0	0	0	0	0	0	0	0	0	0	0	0	0	0	0	0	0	
10/03/2022 15:50:34	0	0	8	14.98	15	0	3398	547	4.002	4.0022	17.4	0	False	-4.25	-4.251667	-4.241667	4.25	2.9464	0.6446	4.037	4.047	-1	-0.034	4.002	0	0	0	0	0	0	0	0	0	0	0	0	0	0	0	17.4	0	0	0	0	0	0	0	0	0	0	0	0	0	0	0	0	0	0	0	0	0	0	0	0	0	0	0	0	0	0	0	0	0	0	
10/03/2022 15:50:44	0	0	8	14.98	15	0	3406	557	4	4.0007	17.4	0	False	-4.246666	-4.246666	-4.241667	4.25	2.9464	0.6564	4.037	4.045	-1	-0.034	4	0	0	0	0	0	0	0	0	0	0	0	0	0	0	0	17.4	0	0	0	0	0	0	0	0	0	0	0	0	0	0	0	0	0	0	0	0	0	0	0	0	0	0	0	0	0	0	0	0	0	0	
10/03/2022 15:50:54	0	0	8	14.99	15	0	3400	567	3.998	3.9984	17.4	0	False	-4.248333	-4.241667	-4.258333	4.25	2.9464	0.667	4.025	4.037	-1	-0.034	3.998	0	0	0	0	0	0	0	0	0	0	0	0	0	0	0	17.4	0	0	0	0	0	0	0	0	0	0	0	0	0	0	0	0	0	0	0	0	0	0	0	0	0	0	0	0	0	0	0	0	0	0	
10/03/2022 15:51:04	0	0	8	14.98	15	0	3404	578	3.995	3.996	17.4	0	False	-4.248333	-4.245	-4.236667	4.25	2.9464	0.68	4.037	4.037	-1	-0.046	3.995	0	0	0	0	0	0	0	0	0	0	0	0	0	0	0	17.4	0	0	0	0	0	0	0	0	0	0	0	0	0	0	0	0	0	0	0	0	0	0	0	0	0	0	0	0	0	0	0	0	0	0	
10/03/2022 15:51:14	0	0	8	14.99	15	0	3392	588	3.993	3.9935	17.4	0	False	-4.251667	-4.253334	-4.231667	4.25	2.9464	0.6918	4.037	4.037	-1	-0.034	3.993	0	0	0	0	0	0	0	0	0	0	0	0	0	0	0	17.4	0	0	0	0	0	0	0	0	0	0	0	0	0	0	0	0	0	0	0	0	0	0	0	0	0	0	0	0	0	0	0	0	0	0	
10/03/2022 15:51:24	0	0	8	14.98	15	0	3420	598	3.991	3.9914	17.4	0	False	-4.25	-4.24	-4.241667	4.25	2.9464	0.7036	4.025	4.036	-1	-0.034	3.991	0	0	0	0	0	0	0	0	0	0	0	0	0	0	0	17.4	0	0	0	0	0	0	0	0	0	0	0	0	0	0	0	0	0	0	0	0	0	0	0	0	0	0	0	0	0	0	0	0	0	0	
10/03/2022 15:51:34	0	0	8	14.99	15	0	3396	608	3.988	3.9885	17.4	0	False	-4.25	-4.253334	-4.241667	4.25	2.9464	0.7154	4.014	4.025	-1	-0.034	3.988	0	0	0	0	0	0	0	0	0	0	0	0	0	0	0	17.4	0	0	0	0	0	0	0	0	0	0	0	0	0	0	0	0	0	0	0	0	0	0	0	0	0	0	0	0	0	0	0	0	0	0	
10/03/2022 15:51:44	0	0	8	14.99	15	0	3396	618	3.985	3.986	17.4	0	False	-4.248333	-4.248333	-4.258333	4.25	2.9464	0.7271	4.014	4.025	-1	-0.046	3.985	0	0	0	0	0	0	0	0	0	0	0	0	0	0	0	17.4	0	0	0	0	0	0	0	0	0	0	0	0	0	0	0	0	0	0	0	0	0	0	0	0	0	0	0	0	0	0	0	0	0	0	
10/03/2022 15:51:54	0	0	8	14.99	15	0	3404	628	3.983	3.9834	17.4	0	False	-4.25	-4.238333	-4.236667	4.25	2.9464	0.7389	4.014	4.025	-1	-0.034	3.983	0	0	0	0	0	0	0	0	0	0	0	0	0	0	0	17.4	0	0	0	0	0	0	0	0	0	0	0	0	0	0	0	0	0	0	0	0	0	0	0	0	0	0	0	0	0	0	0	0	0	0	
10/03/2022 15:52:04	0	0	8	14.99	15	0	3400	638	3.979	3.98	17.4	0	False	-4.248333	-4.246666	-4.258333	4.25	2.9464	0.7507	4.014	4.025	-1	-0.034	3.979	0	0	0	0	0	0	0	0	0	0	0	0	0	0	0	17.4	0	0	0	0	0	0	0	0	0	0	0	0	0	0	0	0	0	0	0	0	0	0	0	0	0	0	0	0	0	0	0	0	0	0	
10/03/2022 15:52:15	0	0	8	14.99	15	0	3398	648	3.977	3.9772	17.4	0	False	-4.251667	-4.255	-4.265	4.25	2.9464	0.7625	4.002	4.015	-1	-0.034	3.977	0	0	0	0	0	0	0	0	0	0	0	0	0	0	0	17.4	0	0	0	0	0	0	0	0	0	0	0	0	0	0	0	0	0	0	0	0	0	0	0	0	0	0	0	0	0	0	0	0	0	0	
10/03/2022 15:52:25	0	0	8	14.98	15	0	3404	658	3.973	3.9742	17.4	0	False	-4.245	-4.245	-4.241667	4.25	2.9464	0.7743	4.002	4.014	-1	-0.034	3.973	0	0	0	0	0	0	0	0	0	0	0	0	0	0	0	17.4	0	0	0	0	0	0	0	0	0	0	0	0	0	0	0	0	0	0	0	0	0	0	0	0	0	0	0	0	0	0	0	0	0	0	
10/03/2022 15:52:35	0	0	8	14.98	15	0	3396	668	3.97	3.9708	17.4	0	False	-4.248333	-4.253334	-4.253334	4.25	2.9464	0.7861	4.002	4.014	-1	-0.034	3.97	0	0	0	0	0	0	0	0	0	0	0	0	0	0	0	17.4	0	0	0	0	0	0	0	0	0	0	0	0	0	0	0	0	0	0	0	0	0	0	0	0	0	0	0	0	0	0	0	0	0	0	
10/03/2022 15:52:45	0	0	8	14.98	15	0	3406	678	3.967	3.9672	17.4	0	False	-4.245	-4.241667	-4.236667	4.25	2.9464	0.7979	3.991	4.009	-1	-0.034	3.967	0	0	0	0	0	0	0	0	0	0	0	0	0	0	0	17.4	0	0	0	0	0	0	0	0	0	0	0	0	0	0	0	0	0	0	0	0	0	0	0	0	0	0	0	0	0	0	0	0	0	0	
10/03/2022 15:52:55	0	0	8	14.98	15	0	3398	688	3.964	3.9645	17.4	0	False	-4.248333	-4.246666	-4.22	4.25	2.9464	0.8097	4.002	4.002	-1	-0.046	3.964	0	0	0	0	0	0	0	0	0	0	0	0	0	0	0	17.4	0	0	0	0	0	0	0	0	0	0	0	0	0	0	0	0	0	0	0	0	0	0	0	0	0	0	0	0	0	0	0	0	0	0	
10/03/2022 15:53:05	0	0	8	14.98	15	0	3400	698	3.96	3.961	17.4	0	False	-4.245	-4.245	-4.236667	4.25	2.9464	0.8215	3.991	4.002	-1	-0.034	3.96	0	0	0	0	0	0	0	0	0	0	0	0	0	0	0	17.4	0	0	0	0	0	0	0	0	0	0	0	0	0	0	0	0	0	0	0	0	0	0	0	0	0	0	0	0	0	0	0	0	0	0	
10/03/2022 15:53:15	0	0	8	14.98	15	0	3412	708	3.956	3.9571	17.4	0	False	-4.243333	-4.246666	-4.246666	4.25	2.9464	0.8333	3.991	3.999	-1	-0.023	3.956	0	0	0	0	0	0	0	0	0	0	0	0	0	0	0	17.4	0	0	0	0	0	0	0	0	0	0	0	0	0	0	0	0	0	0	0	0	0	0	0	0	0	0	0	0	0	0	0	0	0	0	
10/03/2022 15:53:25	0	0	8	14.98	15	0	3404	718	3.953	3.9534	17.4	0	False	-4.25	-4.245	-4.265	4.25	2.9464	0.8451	3.991	3.991	-1	-0.046	3.953	0	0	0	0	0	0	0	0	0	0	0	0	0	0	0	17.4	0	0	0	0	0	0	0	0	0	0	0	0	0	0	0	0	0	0	0	0	0	0	0	0	0	0	0	0	0	0	0	0	0	0	
10/03/2022 15:53:35	0	0	8	14.98	15	0	3398	728	3.949	3.9497	17.4	0	False	-4.25	-4.243333	-4.241667	4.25	2.9464	0.8569	3.979	3.991	-1	-0.034	3.949	0	0	0	0	0	0	0	0	0	0	0	0	0	0	0	17.4	0	0	0	0	0	0	0	0	0	0	0	0	0	0	0	0	0	0	0	0	0	0	0	0	0	0	0	0	0	0	0	0	0	0	
10/03/2022 15:53:45	0	0	8	14.98	15	0	3392	738	3.945	3.9458	17.4	0	False	-4.248333	-4.253334	-4.253334	4.25	2.9464	0.8687	3.979	3.988	-1	-0.034	3.945	0	0	0	0	0	0	0	0	0	0	0	0	0	0	0	17.4	0	0	0	0	0	0	0	0	0	0	0	0	0	0	0	0	0	0	0	0	0	0	0	0	0	0	0	0	0	0	0	0	0	0	
10/03/2022 15:53:55	0	0	8	14.98	15	0	3400	748	3.94	3.941	17.4	0	False	-4.246666	-4.245	-4.241667	4.25	2.9464	0.8805	3.979	3.979	-1	-0.046	3.94	0	0	0	0	0	0	0	0	0	0	0	0	0	0	0	17.4	0	0	0	0	0	0	0	0	0	0	0	0	0	0	0	0	0	0	0	0	0	0	0	0	0	0	0	0	0	0	0	0	0	0	
10/03/2022 15:54:05	0	0	8	14.98	15	0	3396	758	3.937	3.9372	17.4	0	False	-4.248333	-4.248333	-4.236667	4.25	2.9464	0.8923	3.968	3.979	-1	-0.034	3.937	0	0	0	0	0	0	0	0	0	0	0	0	0	0	0	17.4	0	0	0	0	0	0	0	0	0	0	0	0	0	0	0	0	0	0	0	0	0	0	0	0	0	0	0	0	0	0	0	0	0	0	
10/03/2022 15:54:16	0	0	8	14.98	15	0	3400	768	3.933	3.9334	17.4	0	False	-4.245	-4.245	-4.265	4.25	2.9464	0.9041	3.968	3.974	-1	-0.034	3.933	0	0	0	0	0	0	0	0	0	0	0	0	0	0	0	17.4	0	0	0	0	0	0	0	0	0	0	0	0	0	0	0	0	0	0	0	0	0	0	0	0	0	0	0	0	0	0	0	0	0	0	
10/03/2022 15:54:26	0	0	8	14.98	15	0	3410	778	3.929	3.9297	17.4	0	False	-4.248333	-4.245	-4.241667	4.25	2.9464	0.9159	3.968	3.968	-1	-0.034	3.929	0	0	0	0	0	0	0	0	0	0	0	0	0	0	0	17.4	0	0	0	0	0	0	0	0	0	0	0	0	0	0	0	0	0	0	0	0	0	0	0	0	0	0	0	0	0	0	0	0	0	0	
10/03/2022 15:54:36	0	0	8	14.98	15	0	3394	788	3.925	3.926	17.4	0	False	-4.248333	-4.253334	-4.258333	4.25	2.9464	0.9277	3.956	3.968	-1	-0.034	3.925	0	0	0	0	0	0	0	0	0	0	0	0	0	0	0	17.4	0	0	0	0	0	0	0	0	0	0	0	0	0	0	0	0	0	0	0	0	0	0	0	0	0	0	0	0	0	0	0	0	0	0	
10/03/2022 15:54:46	0	0	8	14.98	15	0	3398	798	3.921	3.9221	17.4	0	False	-4.248333	-4.251667	-4.241667	4.25	2.9464	0.9395	3.956	3.966	-1	-0.034	3.921	0	0	0	0	0	0	0	0	0	0	0	0	0	0	0	17.4	0	0	0	0	0	0	0	0	0	0	0	0	0	0	0	0	0	0	0	0	0	0	0	0	0	0	0	0	0	0	0	0	0	0	
10/03/2022 15:54:56	0	0	8	14.98	15	0	3400	808	3.918	3.9185	17.4	0	False	-4.248333	-4.246666	-4.265	4.25	2.9464	0.9512	3.956	3.956	-1	-0.034	3.918	0	0	0	0	0	0	0	0	0	0	0	0	0	0	0	17.4	0	0	0	0	0	0	0	0	0	0	0	0	0	0	0	0	0	0	0	0	0	0	0	0	0	0	0	0	0	0	0	0	0	0	
10/03/2022 15:55:06	0	0	8	14.98	15	0	3406	818	3.914	3.9146	17.4	0	False	-4.245	-4.245	-4.276667	4.25	2.9464	0.963	3.945	3.956	-1	-0.046	3.914	0	0	0	0	0	0	0	0	0	0	0	0	0	0	0	17.4	0	0	0	0	0	0	0	0	0	0	0	0	0	0	0	0	0	0	0	0	0	0	0	0	0	0	0	0	0	0	0	0	0	0	
10/03/2022 15:55:16	0	0	8	14.98	15	0	3402	828	3.91	3.911	17.4	0	False	-4.248333	-4.245	-4.22	4.25	2.9464	0.9748	3.945	3.955	-1	-0.034	3.91	0	0	0	0	0	0	0	0	0	0	0	0	0	0	0	17.4	0	0	0	0	0	0	0	0	0	0	0	0	0	0	0	0	0	0	0	0	0	0	0	0	0	0	0	0	0	0	0	0	0	0	
10/03/2022 15:55:26	0	0	8	14.98	15	0	3402	838	3.907	3.9072	17.4	0	False	-4.25	-4.246666	-4.22	4.25	2.9464	0.9866	3.933	3.945	-1	-0.046	3.907	0	0	0	0	0	0	0	0	0	0	0	0	0	0	0	17.4	0	0	0	0	0	0	0	0	0	0	0	0	0	0	0	0	0	0	0	0	0	0	0	0	0	0	0	0	0	0	0	0	0	0	
10/03/2022 15:55:36	0	0	8	14.98	15	0	3404	848	3.903	3.9035	17.4	0	False	-4.246666	-4.245	-4.241667	4.25	2.9464	0.9984	3.933	3.945	-1	-0.034	3.903	0	0	0	0	0	0	0	0	0	0	0	0	0	0	0	17.4	0	0	0	0	0	0	0	0	0	0	0	0	0	0	0	0	0	0	0	0	0	0	0	0	0	0	0	0	0	0	0	0	0	0	
10/03/2022 15:55:46	0	0	8	14.99	15	0	3396	858	3.899	3.8997	17.4	0	False	-4.248333	-4.251667	-4.22	4.25	2.9464	1.0102	3.933	3.941	-1	-0.034	3.899	0	0	0	0	0	0	0	0	0	0	0	0	0	0	0	17.4	0	0	0	0	0	0	0	0	0	0	0	0	0	0	0	0	0	0	0	0	0	0	0	0	0	0	0	0	0	0	0	0	0	0	
10/03/2022 15:55:56	0	0	8	14.98	15	0	3396	868	3.896	3.8968	17.4	0	False	-4.248333	-4.253334	-4.253334	4.25	2.9464	1.0221	3.922	3.933	-1	-0.034	3.896	0	0	0	0	0	0	0	0	0	0	0	0	0	0	0	17.4	0	0	0	0	0	0	0	0	0	0	0	0	0	0	0	0	0	0	0	0	0	0	0	0	0	0	0	0	0	0	0	0	0	0	
10/03/2022 15:56:06	0	0	8	14.98	15	0	3406	878	3.893	3.8935	17.4	0	False	-4.248333	-4.241667	-4.236667	4.25	2.9464	1.0339	3.933	3.933	-1	-0.034	3.893	0	0	0	0	0	0	0	0	0	0	0	0	0	0	0	17.4	0	0	0	0	0	0	0	0	0	0	0	0	0	0	0	0	0	0	0	0	0	0	0	0	0	0	0	0	0	0	0	0	0	0	
10/03/2022 15:56:16	0	0	8	14.99	15	0	3392	888	3.889	3.8897	17.4	0	False	-4.246666	-4.256667	-4.258333	4.25	2.9464	1.0457	3.922	3.933	-1	-0.034	3.889	0	0	0	0	0	0	0	0	0	0	0	0	0	0	0	17.4	0	0	0	0	0	0	0	0	0	0	0	0	0	0	0	0	0	0	0	0	0	0	0	0	0	0	0	0	0	0	0	0	0	0	
10/03/2022 15:56:27	0	0	8	14.98	15	0	3402	898	3.886	3.887	17.4	0	False	-4.245	-4.248333	-4.241667	4.25	2.9464	1.0575	3.922	3.922	-1	-0.034	3.886	0	0	0	0	0	0	0	0	0	0	0	0	0	0	0	17.4	0	0	0	0	0	0	0	0	0	0	0	0	0	0	0	0	0	0	0	0	0	0	0	0	0	0	0	0	0	0	0	0	0	0	
10/03/2022 15:56:37	0	0	8	14.98	15	0	3398	908	3.883	3.8834	17.4	0	False	-4.248333	-4.25	-4.258333	4.25	2.9464	1.0693	3.91	3.922	-1	-0.046	3.883	0	0	0	0	0	0	0	0	0	0	0	0	0	0	0	17.4	0	0	0	0	0	0	0	0	0	0	0	0	0	0	0	0	0	0	0	0	0	0	0	0	0	0	0	0	0	0	0	0	0	0	
10/03/2022 15:56:47	0	0	8	14.98	15	0	3386	918	3.88	3.8806	17.4	0	False	-4.245	-4.253334	-4.253334	4.25	2.9464	1.0811	3.91	3.922	-1	-0.034	3.88	0	0	0	0	0	0	0	0	0	0	0	0	0	0	0	17.4	0	0	0	0	0	0	0	0	0	0	0	0	0	0	0	0	0	0	0	0	0	0	0	0	0	0	0	0	0	0	0	0	0	0	
10/03/2022 15:56:57	0	0	8	14.98	15	0	3396	928	3.877	3.8772	17.4	0	False	-4.248333	-4.251667	-4.258333	4.25	2.9464	1.0929	3.91	3.921	-1	-0.034	3.877	0	0	0	0	0	0	0	0	0	0	0	0	0	0	0	17.4	0	0	0	0	0	0	0	0	0	0	0	0	0	0	0	0	0	0	0	0	0	0	0	0	0	0	0	0	0	0	0	0	0	0	
10/03/2022 15:57:07	0	0	8	14.99	15	0	3398	938	3.874	3.8746	17.4	0	False	-4.25	-4.25	-4.236667	4.25	2.9464	1.1047	3.91	3.91	-1	-0.023	3.874	0	0	0	0	0	0	0	0	0	0	0	0	0	0	0	17.4	0	0	0	0	0	0	0	0	0	0	0	0	0	0	0	0	0	0	0	0	0	0	0	0	0	0	0	0	0	0	0	0	0	0	
10/03/2022 15:57:17	0	0	8	14.98	15	0	3400	948	3.87	3.8709	17.4	0	False	-4.246666	-4.251667	-4.253334	4.25	2.9464	1.1165	3.91	3.91	-1	-0.046	3.87	0	0	0	0	0	0	0	0	0	0	0	0	0	0	0	17.4	0	0	0	0	0	0	0	0	0	0	0	0	0	0	0	0	0	0	0	0	0	0	0	0	0	0	0	0	0	0	0	0	0	0	
10/03/2022 15:57:27	0	0	8	14.99	15	0	3406	958	3.868	3.8684	17.4	0	False	-4.25	-4.25	-4.263333	4.25	2.9464	1.1283	3.899	3.91	-1	-0.046	3.868	0	0	0	0	0	0	0	0	0	0	0	0	0	0	0	17.4	0	0	0	0	0	0	0	0	0	0	0	0	0	0	0	0	0	0	0	0	0	0	0	0	0	0	0	0	0	0	0	0	0	0	
