DateTime	SlaveNum	Cycle	Mode	SupplyVolts	LSupplyVolts	SupplyAmps	PWM	SecTimer	AvgCellVolts	MaxCellVolts	AvgIR	FallBackVolts	CVStarted	SlowAmps	AvgAmps	FastAmps	SetAmps	AhrIN	AhrOUT	PackVolts	AvgPackVolts	Fuel1	SumError	Cell1Volts	Cell2Volts	Cell3Volts	Cell4Volts	Cell5Volts	Cell6Volts	Cell7Volts	Cell8Volts	Cell9Volts	Cell10Volts	Cell11Volts	Cell12Volts	Cell13Volts	Cell14Volts	Cell15Volts	Cell16Volts	Cell1IR	Cell2IR	Cell3IR	Cell4IR	Cell5IR	Cell6IR	Cell7IR	Cell8IR	Cell9IR	Cell10IR	Cell11IR	Cell12IR	Cell13IR	Cell14IR	Cell15IR	Cell16IR	BP1PWM	BP2PWM	BP3PWM	BP4PWM	BP5PWM	BP6PWM	BP7PWM	BP8PWM	BP9PWM	BP10PWM	BP11PWM	BP12PWM	BP13PWM	BP14PWM	BP15PWM	BP16PWM	Debug1	Debug2	Debug3	
11/03/2022 19:32:53	0	0	8	14.98	15.03	0	918	10	4.188	4.1873	0	0	False	0	-0.06	-0.3583333	10	0	0	4.232	4.22	-1	-0.046	4.188	0	0	0	0	0	0	0	0	0	0	0	0	0	0	0	0	0	0	0	0	0	0	0	0	0	0	0	0	0	0	0	0	0	0	0	0	0	0	0	0	0	0	0	0	0	0	0	0	0	0	
11/03/2022 19:32:56	0	0	8	14.98	15	0	4158	13	4.164	4.1648	0	0	False	-1.67	-2.583333	-4.466667	10	0	0.0016	4.209	4.209	-1	-0.046	4.164	0	0	0	0	0	0	0	0	0	0	0	0	0	0	0	0	0	0	0	0	0	0	0	0	0	0	0	0	0	0	0	0	0	0	0	0	0	0	0	0	0	0	0	0	0	0	0	0	0	0	
11/03/2022 19:33:06	0	0	8	14.98	14.95	0	8187	23	4.082	4.0822	0	0	False	-9.458333	-9.918333	-9.965	10	0	0.0256	4.128	4.117	-1	-0.034	4.082	0	0	0	0	0	0	0	0	0	0	0	0	0	0	0	0	0	0	0	0	0	0	0	0	0	0	0	0	0	0	0	0	0	0	0	0	0	0	0	0	0	0	0	0	0	0	0	0	0	0	
11/03/2022 19:33:16	0	0	8	14.98	14.95	0	8191	33	4.05	4.051	0	0	False	-9.703333	-9.993333	-9.986667	10	0	0.0534	4.082	4.082	-1	-0.034	4.05	0	0	0	0	0	0	0	0	0	0	0	0	0	0	0	0	0	0	0	0	0	0	0	0	0	0	0	0	0	0	0	0	0	0	0	0	0	0	0	0	0	0	0	0	0	0	0	0	0	0	
11/03/2022 19:33:26	0	0	8	14.98	14.95	0	8191	43	4.033	4.0335	0	0	False	-9.835	-9.993333	-9.986667	10	0	0.0811	4.071	4.071	-1	-0.034	4.033	0	0	0	0	0	0	0	0	0	0	0	0	0	0	0	0	0	0	0	0	0	0	0	0	0	0	0	0	0	0	0	0	0	0	0	0	0	0	0	0	0	0	0	0	0	0	0	0	0	0	
11/03/2022 19:33:36	0	0	8	14.98	14.95	0	8191	53	4.022	4.0235	0	0	False	-9.903334	-9.993333	-9.996667	10	0	0.1089	4.06	4.06	-1	-0.034	4.022	0	0	0	0	0	0	0	0	0	0	0	0	0	0	0	0	0	0	0	0	0	0	0	0	0	0	0	0	0	0	0	0	0	0	0	0	0	0	0	0	0	0	0	0	0	0	0	0	0	0	
11/03/2022 19:33:46	0	0	8	14.99	14.95	0	8191	63	4.015	4.0153	0	0	False	-9.936666	-9.958333	-9.911667	10	0	0.1366	4.048	4.06	-1	-0.046	4.015	0	0	0	0	0	0	0	0	0	0	0	0	0	0	0	0	0	0	0	0	0	0	0	0	0	0	0	0	0	0	0	0	0	0	0	0	0	0	0	0	0	0	0	0	0	0	0	0	0	0	
11/03/2022 19:33:56	0	0	8	14.98	14.95	0	8191	73	4.008	4.0089	0	0	False	-9.953333	-9.958333	-9.955	10	0	0.1643	4.048	4.058	-1	-0.046	4.008	0	0	0	0	0	0	0	0	0	0	0	0	0	0	0	0	0	0	0	0	0	0	0	0	0	0	0	0	0	0	0	0	0	0	0	0	0	0	0	0	0	0	0	0	0	0	0	0	0	0	
11/03/2022 19:34:06	0	0	8	14.98	14.95	0	8191	83	4.003	4.0036	0	0	False	-9.955	-9.956667	-9.935	10	0	0.1919	4.037	4.048	-1	-0.034	4.003	0	0	0	0	0	0	0	0	0	0	0	0	0	0	0	0	0	0	0	0	0	0	0	0	0	0	0	0	0	0	0	0	0	0	0	0	0	0	0	0	0	0	0	0	0	0	0	0	0	0	
11/03/2022 19:34:16	0	0	8	14.98	14.95	0	8191	93	3.999	3.9997	0	0	False	-9.948334	-9.943334	-9.935	10	0	0.2195	4.037	4.048	-1	-0.034	3.999	0	0	0	0	0	0	0	0	0	0	0	0	0	0	0	0	0	0	0	0	0	0	0	0	0	0	0	0	0	0	0	0	0	0	0	0	0	0	0	0	0	0	0	0	0	0	0	0	0	0	
11/03/2022 19:34:26	0	0	8	14.98	14.95	0	8191	103	3.995	3.996	0	0	False	-9.943334	-9.94	-9.955	10	0	0.2471	4.037	4.037	-1	-0.046	3.995	0	0	0	0	0	0	0	0	0	0	0	0	0	0	0	0	0	0	0	0	0	0	0	0	0	0	0	0	0	0	0	0	0	0	0	0	0	0	0	0	0	0	0	0	0	0	0	0	0	0	
11/03/2022 19:34:36	0	0	8	14.98	14.95	0	8191	113	3.992	3.9927	0	0	False	-9.941667	-9.938334	-9.923333	10	0	0.2747	4.025	4.037	-1	-0.046	3.992	0	0	0	0	0	0	0	0	0	0	0	0	0	0	0	0	0	0	0	0	0	0	0	0	0	0	0	0	0	0	0	0	0	0	0	0	0	0	0	0	0	0	0	0	0	0	0	0	0	0	
11/03/2022 19:34:46	0	0	8	14.99	14.95	0	8191	123	3.989	3.9897	0	0	False	-9.945	-9.948334	-9.965	10	0	0.3023	4.025	4.036	-1	-0.034	3.989	0	0	0	0	0	0	0	0	0	0	0	0	0	0	0	0	0	0	0	0	0	0	0	0	0	0	0	0	0	0	0	0	0	0	0	0	0	0	0	0	0	0	0	0	0	0	0	0	0	0	
11/03/2022 19:34:56	0	0	8	14.98	14.95	0	8191	133	3.986	3.987	0	0	False	-9.941667	-9.938334	-9.955	10	0	0.3299	4.025	4.025	-1	-0.046	3.986	0	0	0	0	0	0	0	0	0	0	0	0	0	0	0	0	0	0	0	0	0	0	0	0	0	0	0	0	0	0	0	0	0	0	0	0	0	0	0	0	0	0	0	0	0	0	0	0	0	0	
11/03/2022 19:35:06	0	0	8	14.98	14.95	0	8191	143	3.983	3.9835	0	0	False	-9.946667	-9.946667	-9.88	10	0	0.3576	4.014	4.025	-1	-0.046	3.983	0	0	0	0	0	0	0	0	0	0	0	0	0	0	0	0	0	0	0	0	0	0	0	0	0	0	0	0	0	0	0	0	0	0	0	0	0	0	0	0	0	0	0	0	0	0	0	0	0	0	
11/03/2022 19:35:16	0	0	8	14.99	14.95	0	8191	152	3.98	3.981	0	0	False	-9.936666	-9.936666	-9.955	10	0	0.3852	4.014	4.025	-1	-0.034	3.98	0	0	0	0	0	0	0	0	0	0	0	0	0	0	0	0	0	0	0	0	0	0	0	0	0	0	0	0	0	0	0	0	0	0	0	0	0	0	0	0	0	0	0	0	0	0	0	0	0	0	
11/03/2022 19:35:26	0	0	8	14.99	14.95	0	8191	162	3.978	3.9782	0	0	False	-9.936666	-9.928333	-9.923333	10	0	0.41	4.014	4.024	-1	-0.034	3.978	0	0	0	0	0	0	0	0	0	0	0	0	0	0	0	0	0	0	0	0	0	0	0	0	0	0	0	0	0	0	0	0	0	0	0	0	0	0	0	0	0	0	0	0	0	0	0	0	0	0	
11/03/2022 19:35:36	0	0	8	14.99	14.95	0	8191	172	3.974	3.975	0	0	False	-9.938334	-9.935	-9.935	10	0	0.4376	4.014	4.014	-1	-0.046	3.974	0	0	0	0	0	0	0	0	0	0	0	0	0	0	0	0	0	0	0	0	0	0	0	0	0	0	0	0	0	0	0	0	0	0	0	0	0	0	0	0	0	0	0	0	0	0	0	0	0	0	
11/03/2022 19:35:46	0	0	8	14.99	14.95	0	8191	182	3.972	3.9722	0	0	False	-9.933333	-9.93	-9.955	10	0	0.4653	4.002	4.014	-1	-0.034	3.972	0	0	0	0	0	0	0	0	0	0	0	0	0	0	0	0	0	0	0	0	0	0	0	0	0	0	0	0	0	0	0	0	0	0	0	0	0	0	0	0	0	0	0	0	0	0	0	0	0	0	
11/03/2022 19:35:56	0	0	8	14.99	14.95	0	8191	192	3.968	3.9689	0	0	False	-9.936666	-9.945	-9.945	10	0	0.4929	4.002	4.014	-1	-0.046	3.968	0	0	0	0	0	0	0	0	0	0	0	0	0	0	0	0	0	0	0	0	0	0	0	0	0	0	0	0	0	0	0	0	0	0	0	0	0	0	0	0	0	0	0	0	0	0	0	0	0	0	
11/03/2022 19:36:06	0	0	8	14.99	14.95	0	8191	202	3.965	3.966	0	0	False	-9.935	-9.936666	-9.935	10	0	0.5204	4.002	4.009	-1	-0.034	3.965	0	0	0	0	0	0	0	0	0	0	0	0	0	0	0	0	0	0	0	0	0	0	0	0	0	0	0	0	0	0	0	0	0	0	0	0	0	0	0	0	0	0	0	0	0	0	0	0	0	0	
11/03/2022 19:36:16	0	0	8	14.98	14.95	0	8191	212	3.962	3.9622	0	0	False	-9.935	-9.94	-9.935	10	0	0.548	3.991	4.002	-1	-0.046	3.962	0	0	0	0	0	0	0	0	0	0	0	0	0	0	0	0	0	0	0	0	0	0	0	0	0	0	0	0	0	0	0	0	0	0	0	0	0	0	0	0	0	0	0	0	0	0	0	0	0	0	
11/03/2022 19:36:26	0	0	8	14.98	14.95	0	8191	222	3.958	3.9585	0	0	False	-9.943334	-9.935	-9.935	10	0	0.5756	3.991	4.002	-1	-0.034	3.958	0	0	0	0	0	0	0	0	0	0	0	0	0	0	0	0	0	0	0	0	0	0	0	0	0	0	0	0	0	0	0	0	0	0	0	0	0	0	0	0	0	0	0	0	0	0	0	0	0	0	
11/03/2022 19:36:36	0	0	8	14.99	14.95	0	8191	232	3.954	3.9547	0	0	False	-9.936666	-9.933333	-9.955	10	0	0.6032	3.991	3.995	-1	-0.034	3.954	0	0	0	0	0	0	0	0	0	0	0	0	0	0	0	0	0	0	0	0	0	0	0	0	0	0	0	0	0	0	0	0	0	0	0	0	0	0	0	0	0	0	0	0	0	0	0	0	0	0	
11/03/2022 19:36:46	0	0	8	14.98	14.95	0	8191	242	3.95	3.9507	0	0	False	-9.94	-9.936666	-9.966666	10	0	0.6309	3.979	3.991	-1	-0.034	3.95	0	0	0	0	0	0	0	0	0	0	0	0	0	0	0	0	0	0	0	0	0	0	0	0	0	0	0	0	0	0	0	0	0	0	0	0	0	0	0	0	0	0	0	0	0	0	0	0	0	0	
11/03/2022 19:36:56	0	0	8	14.99	14.95	0	8191	252	3.945	3.9453	0	0	False	-9.931666	-9.938334	-9.955	10	0	0.6584	3.979	3.989	-1	-0.034	3.945	0	0	0	0	0	0	0	0	0	0	0	0	0	0	0	0	0	0	0	0	0	0	0	0	0	0	0	0	0	0	0	0	0	0	0	0	0	0	0	0	0	0	0	0	0	0	0	0	0	0	
11/03/2022 19:37:06	0	0	8	14.98	14.95	0	8191	262	3.938	3.939	0	0	False	-9.933333	-9.935	-9.935	10	0	0.686	3.968	3.979	-1	-0.046	3.938	0	0	0	0	0	0	0	0	0	0	0	0	0	0	0	0	0	0	0	0	0	0	0	0	0	0	0	0	0	0	0	0	0	0	0	0	0	0	0	0	0	0	0	0	0	0	0	0	0	0	
11/03/2022 19:37:16	0	0	8	14.98	14.95	0	8191	272	3.933	3.9333	0	0	False	-9.938334	-9.943334	-9.976666	10	0	0.7136	3.968	3.977	-1	-0.034	3.933	0	0	0	0	0	0	0	0	0	0	0	0	0	0	0	0	0	0	0	0	0	0	0	0	0	0	0	0	0	0	0	0	0	0	0	0	0	0	0	0	0	0	0	0	0	0	0	0	0	0	
11/03/2022 19:37:26	0	0	8	14.99	14.95	0	8191	282	3.927	3.9271	0	0	False	-9.935	-9.938334	-9.911667	10	0	0.7412	3.956	3.968	-1	-0.034	3.927	0	0	0	0	0	0	0	0	0	0	0	0	0	0	0	0	0	0	0	0	0	0	0	0	0	0	0	0	0	0	0	0	0	0	0	0	0	0	0	0	0	0	0	0	0	0	0	0	0	0	
11/03/2022 19:37:36	0	0	8	14.99	14.95	0	8191	292	3.919	3.9202	0	0	False	-9.935	-9.94	-9.935	10	0	0.7688	3.956	3.962	-1	-0.034	3.919	0	0	0	0	0	0	0	0	0	0	0	0	0	0	0	0	0	0	0	0	0	0	0	0	0	0	0	0	0	0	0	0	0	0	0	0	0	0	0	0	0	0	0	0	0	0	0	0	0	0	
11/03/2022 19:37:46	0	0	8	14.99	14.95	0	8191	302	3.913	3.9133	0	0	False	-9.94	-9.943334	-9.923333	10	0	0.7964	3.945	3.956	-1	-0.034	3.913	0	0	0	0	0	0	0	0	0	0	0	0	0	0	0	0	0	0	0	0	0	0	0	0	0	0	0	0	0	0	0	0	0	0	0	0	0	0	0	0	0	0	0	0	0	0	0	0	0	0	
11/03/2022 19:37:56	0	0	8	14.99	14.95	0	8191	312	3.905	3.906	0	0	False	-9.933333	-9.931666	-9.923333	10	0	0.824	3.933	3.945	-1	-0.046	3.905	0	0	0	0	0	0	0	0	0	0	0	0	0	0	0	0	0	0	0	0	0	0	0	0	0	0	0	0	0	0	0	0	0	0	0	0	0	0	0	0	0	0	0	0	0	0	0	0	0	0	
11/03/2022 19:38:06	0	0	8	14.98	14.95	0	8191	322	3.898	3.8984	0	0	False	-9.935	-9.935	-9.935	10	0	0.8516	3.933	3.936	-1	-0.023	3.898	0	0	0	0	0	0	0	0	0	0	0	0	0	0	0	0	0	0	0	0	0	0	0	0	0	0	0	0	0	0	0	0	0	0	0	0	0	0	0	0	0	0	0	0	0	0	0	0	0	0	
11/03/2022 19:38:16	0	0	8	14.99	14.95	0	8191	331	3.89	3.8903	0	0	False	-9.931666	-9.931666	-9.923333	10	0	0.8765	3.922	3.933	-1	-0.034	3.89	0	0	0	0	0	0	0	0	0	0	0	0	0	0	0	0	0	0	0	0	0	0	0	0	0	0	0	0	0	0	0	0	0	0	0	0	0	0	0	0	0	0	0	0	0	0	0	0	0	0	
11/03/2022 19:38:26	0	0	8	14.98	14.95	0	8191	341	3.882	3.8823	0	0	False	-9.93	-9.935	-9.965	10	0	0.904	3.922	3.922	-1	-0.034	3.882	0	0	0	0	0	0	0	0	0	0	0	0	0	0	0	0	0	0	0	0	0	0	0	0	0	0	0	0	0	0	0	0	0	0	0	0	0	0	0	0	0	0	0	0	0	0	0	0	0	0	
11/03/2022 19:38:36	0	0	8	14.98	14.95	0	8191	351	3.874	3.8747	0	0	False	-9.931666	-9.936666	-9.935	10	0	0.9316	3.91	3.913	-1	-0.034	3.874	0	0	0	0	0	0	0	0	0	0	0	0	0	0	0	0	0	0	0	0	0	0	0	0	0	0	0	0	0	0	0	0	0	0	0	0	0	0	0	0	0	0	0	0	0	0	0	0	0	0	
11/03/2022 19:38:46	0	0	8	14.98	14.95	0	8191	361	3.866	3.8671	0	0	False	-9.931666	-9.931666	-9.901667	10	0	0.9593	3.899	3.91	-1	-0.034	3.866	0	0	0	0	0	0	0	0	0	0	0	0	0	0	0	0	0	0	0	0	0	0	0	0	0	0	0	0	0	0	0	0	0	0	0	0	0	0	0	0	0	0	0	0	0	0	0	0	0	0	
11/03/2022 19:38:56	0	0	8	14.99	14.95	0	8191	371	3.859	3.8596	0	0	False	-9.93	-9.931666	-9.935	10	0	0.9868	3.888	3.899	-1	-0.034	3.859	0	0	0	0	0	0	0	0	0	0	0	0	0	0	0	0	0	0	0	0	0	0	0	0	0	0	0	0	0	0	0	0	0	0	0	0	0	0	0	0	0	0	0	0	0	0	0	0	0	0	
11/03/2022 19:39:06	0	0	8	14.99	14.95	0	8191	381	3.852	3.8523	0	0	False	-9.933333	-9.935	-9.935	10	0	1.0144	3.888	3.894	-1	-0.034	3.852	0	0	0	0	0	0	0	0	0	0	0	0	0	0	0	0	0	0	0	0	0	0	0	0	0	0	0	0	0	0	0	0	0	0	0	0	0	0	0	0	0	0	0	0	0	0	0	0	0	0	
11/03/2022 19:39:16	0	0	8	14.99	14.95	0	8191	391	3.845	3.8455	0	0	False	-9.931666	-9.926666	-9.923333	10	0	1.042	3.876	3.887	-1	-0.034	3.845	0	0	0	0	0	0	0	0	0	0	0	0	0	0	0	0	0	0	0	0	0	0	0	0	0	0	0	0	0	0	0	0	0	0	0	0	0	0	0	0	0	0	0	0	0	0	0	0	0	0	
11/03/2022 19:39:26	0	0	8	14.98	14.95	0	8191	401	3.838	3.8385	0	0	False	-9.933333	-9.933333	-9.923333	10	0	1.0696	3.865	3.876	-1	-0.034	3.838	0	0	0	0	0	0	0	0	0	0	0	0	0	0	0	0	0	0	0	0	0	0	0	0	0	0	0	0	0	0	0	0	0	0	0	0	0	0	0	0	0	0	0	0	0	0	0	0	0	0	
11/03/2022 19:39:36	0	0	8	14.99	14.95	0	8191	411	3.831	3.8322	0	0	False	-9.933333	-9.933333	-9.955	10	0	1.0972	3.865	3.872	-1	-0.034	3.831	0	0	0	0	0	0	0	0	0	0	0	0	0	0	0	0	0	0	0	0	0	0	0	0	0	0	0	0	0	0	0	0	0	0	0	0	0	0	0	0	0	0	0	0	0	0	0	0	0	0	
11/03/2022 19:39:46	0	0	8	14.98	14.95	0	8191	421	3.825	3.8259	0	0	False	-9.936666	-9.936666	-9.935	10	0	1.1249	3.853	3.865	-1	-0.034	3.825	0	0	0	0	0	0	0	0	0	0	0	0	0	0	0	0	0	0	0	0	0	0	0	0	0	0	0	0	0	0	0	0	0	0	0	0	0	0	0	0	0	0	0	0	0	0	0	0	0	0	
11/03/2022 19:39:56	0	0	8	14.99	14.95	0	8191	431	3.82	3.8205	0	0	False	-9.933333	-9.935	-9.935	10	0	1.1524	3.853	3.86	-1	-0.034	3.82	0	0	0	0	0	0	0	0	0	0	0	0	0	0	0	0	0	0	0	0	0	0	0	0	0	0	0	0	0	0	0	0	0	0	0	0	0	0	0	0	0	0	0	0	0	0	0	0	0	0	
11/03/2022 19:40:06	0	0	8	14.99	14.95	0	8191	441	3.814	3.8147	0	0	False	-9.936666	-9.943334	-9.945	10	0	1.1801	3.842	3.853	-1	-0.046	3.814	0	0	0	0	0	0	0	0	0	0	0	0	0	0	0	0	0	0	0	0	0	0	0	0	0	0	0	0	0	0	0	0	0	0	0	0	0	0	0	0	0	0	0	0	0	0	0	0	0	0	
11/03/2022 19:40:16	0	0	8	14.98	14.95	0	8191	451	3.807	3.8078	0	0	False	-9.936666	-9.936666	-9.966666	10	0	1.2076	3.83	3.845	-1	-0.034	3.807	0	0	0	0	0	0	0	0	0	0	0	0	0	0	0	0	0	0	0	0	0	0	0	0	0	0	0	0	0	0	0	0	0	0	0	0	0	0	0	0	0	0	0	0	0	0	0	0	0	0	
11/03/2022 19:40:26	0	0	8	14.98	14.95	0	8191	461	3.801	3.8022	0	0	False	-9.936666	-9.931666	-9.923333	10	0	1.2352	3.83	3.842	-1	-0.034	3.801	0	0	0	0	0	0	0	0	0	0	0	0	0	0	0	0	0	0	0	0	0	0	0	0	0	0	0	0	0	0	0	0	0	0	0	0	0	0	0	0	0	0	0	0	0	0	0	0	0	0	
11/03/2022 19:40:36	0	0	8	14.99	14.95	0	8191	471	3.796	3.797	0	0	False	-9.933333	-9.935	-9.935	10	0	1.2628	3.83	3.836	-1	-0.034	3.796	0	0	0	0	0	0	0	0	0	0	0	0	0	0	0	0	0	0	0	0	0	0	0	0	0	0	0	0	0	0	0	0	0	0	0	0	0	0	0	0	0	0	0	0	0	0	0	0	0	0	
11/03/2022 19:40:46	0	0	8	14.99	14.95	0	8191	481	3.791	3.7917	0	0	False	-9.935	-9.933333	-9.933333	10	0	1.2904	3.819	3.83	-1	-0.034	3.791	0	0	0	0	0	0	0	0	0	0	0	0	0	0	0	0	0	0	0	0	0	0	0	0	0	0	0	0	0	0	0	0	0	0	0	0	0	0	0	0	0	0	0	0	0	0	0	0	0	0	
11/03/2022 19:40:56	0	0	8	14.99	14.95	0	8191	491	3.785	3.7859	0	0	False	-9.935	-9.935	-9.935	10	0	1.318	3.819	3.829	-1	-0.034	3.785	0	0	0	0	0	0	0	0	0	0	0	0	0	0	0	0	0	0	0	0	0	0	0	0	0	0	0	0	0	0	0	0	0	0	0	0	0	0	0	0	0	0	0	0	0	0	0	0	0	0	
11/03/2022 19:41:06	0	0	8	14.99	14.95	0	8191	500	3.78	3.7808	0	0	False	-9.935	-9.943334	-9.945	10	0	1.3428	3.807	3.819	-1	-0.046	3.78	0	0	0	0	0	0	0	0	0	0	0	0	0	0	0	0	0	0	0	0	0	0	0	0	0	0	0	0	0	0	0	0	0	0	0	0	0	0	0	0	0	0	0	0	0	0	0	0	0	0	
11/03/2022 19:41:16	0	0	8	14.99	14.95	0	8191	510	3.774	3.7747	0	0	False	-9.935	-9.928333	-9.935	10	0	1.3704	3.807	3.814	-1	-0.034	3.774	0	0	0	0	0	0	0	0	0	0	0	0	0	0	0	0	0	0	0	0	0	0	0	0	0	0	0	0	0	0	0	0	0	0	0	0	0	0	0	0	0	0	0	0	0	0	0	0	0	0	
11/03/2022 19:41:26	0	0	8	14.99	14.95	0	8191	520	3.769	3.7696	0	0	False	-9.933333	-9.931666	-9.923333	10	0	1.398	3.796	3.807	-1	-0.034	3.769	0	0	0	0	0	0	0	0	0	0	0	0	0	0	0	0	0	0	0	0	0	0	0	0	0	0	0	0	0	0	0	0	0	0	0	0	0	0	0	0	0	0	0	0	0	0	0	0	0	0	
11/03/2022 19:41:36	0	0	8	14.99	14.95	0	8191	530	3.763	3.7635	0	0	False	-9.936666	-9.936666	-9.945	10	0	1.4256	3.796	3.802	-1	-0.034	3.763	0	0	0	0	0	0	0	0	0	0	0	0	0	0	0	0	0	0	0	0	0	0	0	0	0	0	0	0	0	0	0	0	0	0	0	0	0	0	0	0	0	0	0	0	0	0	0	0	0	0	
11/03/2022 19:41:46	0	0	8	14.99	14.95	0	8191	540	3.756	3.7572	0	0	False	-9.936666	-9.943334	-9.965	10	0	1.4532	3.796	3.796	-1	-0.034	3.756	0	0	0	0	0	0	0	0	0	0	0	0	0	0	0	0	0	0	0	0	0	0	0	0	0	0	0	0	0	0	0	0	0	0	0	0	0	0	0	0	0	0	0	0	0	0	0	0	0	0	
11/03/2022 19:41:56	0	0	8	14.98	14.95	0	8191	550	3.751	3.7517	0	0	False	-9.936666	-9.933333	-9.911667	10	0	1.4808	3.784	3.789	-1	-0.023	3.751	0	0	0	0	0	0	0	0	0	0	0	0	0	0	0	0	0	0	0	0	0	0	0	0	0	0	0	0	0	0	0	0	0	0	0	0	0	0	0	0	0	0	0	0	0	0	0	0	0	0	
11/03/2022 19:42:06	0	0	8	14.99	14.95	0	8191	560	3.745	3.7454	0	0	False	-9.93	-9.925	-9.88	10	0	1.5083	3.773	3.784	-1	-0.034	3.745	0	0	0	0	0	0	0	0	0	0	0	0	0	0	0	0	0	0	0	0	0	0	0	0	0	0	0	0	0	0	0	0	0	0	0	0	0	0	0	0	0	0	0	0	0	0	0	0	0	0	
11/03/2022 19:42:16	0	0	8	14.99	14.95	0	8191	570	3.738	3.739	0	0	False	-9.931666	-9.926666	-9.955	10	0	1.5359	3.761	3.773	-1	-0.034	3.738	0	0	0	0	0	0	0	0	0	0	0	0	0	0	0	0	0	0	0	0	0	0	0	0	0	0	0	0	0	0	0	0	0	0	0	0	0	0	0	0	0	0	0	0	0	0	0	0	0	0	
11/03/2022 19:42:26	0	0	8	14.99	14.95	0	8191	580	3.732	3.7322	0	0	False	-9.938334	-9.945	-9.965	10	0	1.5635	3.761	3.773	-1	-0.046	3.732	0	0	0	0	0	0	0	0	0	0	0	0	0	0	0	0	0	0	0	0	0	0	0	0	0	0	0	0	0	0	0	0	0	0	0	0	0	0	0	0	0	0	0	0	0	0	0	0	0	0	
11/03/2022 19:42:36	0	0	8	14.98	14.95	0	8191	590	3.725	3.7259	0	0	False	-9.933333	-9.933333	-9.923333	10	0	1.5911	3.761	3.761	-1	-0.023	3.725	0	0	0	0	0	0	0	0	0	0	0	0	0	0	0	0	0	0	0	0	0	0	0	0	0	0	0	0	0	0	0	0	0	0	0	0	0	0	0	0	0	0	0	0	0	0	0	0	0	0	
11/03/2022 19:42:46	0	0	8	14.99	14.95	0	8191	600	3.719	3.7194	0	0	False	-9.936666	-9.94	-9.955	10	0	1.6187	3.75	3.754	-1	-0.034	3.719	0	0	0	0	0	0	0	0	0	0	0	0	0	0	0	0	0	0	0	0	0	0	0	0	0	0	0	0	0	0	0	0	0	0	0	0	0	0	0	0	0	0	0	0	0	0	0	0	0	0	
11/03/2022 19:42:56	0	0	8	14.99	14.95	0	8191	610	3.711	3.7122	0	0	False	-9.935	-9.935	-9.935	10	0	1.6463	3.75	3.75	-1	-0.034	3.711	0	0	0	0	0	0	0	0	0	0	0	0	0	0	0	0	0	0	0	0	0	0	0	0	0	0	0	0	0	0	0	0	0	0	0	0	0	0	0	0	0	0	0	0	0	0	0	0	0	0	
11/03/2022 19:43:06	0	0	8	14.98	14.95	0	8191	620	3.705	3.7058	0	0	False	-9.933333	-9.936666	-9.955	10	0	1.6739	3.738	3.74	-1	-0.034	3.705	0	0	0	0	0	0	0	0	0	0	0	0	0	0	0	0	0	0	0	0	0	0	0	0	0	0	0	0	0	0	0	0	0	0	0	0	0	0	0	0	0	0	0	0	0	0	0	0	0	0	
11/03/2022 19:43:16	0	0	8	14.99	14.97	0	7383	630	3.701	3.702	0	0	False	-9.208333	-8.988334	-8.94	10	0	1.7002	3.738	3.738	-1	-0.034	3.701	0	0	0	0	0	0	0	0	0	0	0	0	0	0	0	0	0	0	0	0	0	0	0	0	0	0	0	0	0	0	0	0	0	0	0	0	0	0	0	0	0	0	0	0	0	0	0	0	0	0	
11/03/2022 19:43:26	0	0	8	14.99	14.97	0	6493	640	3.7	3.7009	0	0	False	-8.058333	-8.048333	-7.848333	10	0	1.7234	3.738	3.738	-1	-0.034	3.7	0	0	0	0	0	0	0	0	0	0	0	0	0	0	0	0	0	0	0	0	0	0	0	0	0	0	0	0	0	0	0	0	0	0	0	0	0	0	0	0	0	0	0	0	0	0	0	0	0	0	
11/03/2022 19:43:36	0	0	8	14.98	14.98	0	6071	650	3.7	3.7009	0	0	False	-7.4	-7.396667	-7.286667	10	0	1.7444	3.738	3.738	-1	-0.023	3.7	0	0	0	0	0	0	0	0	0	0	0	0	0	0	0	0	0	0	0	0	0	0	0	0	0	0	0	0	0	0	0	0	0	0	0	0	0	0	0	0	0	0	0	0	0	0	0	0	0	0	
11/03/2022 19:43:46	0	0	8	14.98	14.98	0	5707	659	3.7	3.7009	0	0	False	-7.201667	-6.833333	-6.843333	10	0	1.7636	3.738	3.738	-1	-0.034	3.7	0	0	0	0	0	0	0	0	0	0	0	0	0	0	0	0	0	0	0	0	0	0	0	0	0	0	0	0	0	0	0	0	0	0	0	0	0	0	0	0	0	0	0	0	0	0	0	0	0	0	
11/03/2022 19:43:56	0	0	8	14.98	14.99	0	5053	669	3.701	3.7022	0	0	False	-6.031667	-6.008333	-6	10	0	1.7793	3.727	3.738	-1	-0.023	3.701	0	0	0	0	0	0	0	0	0	0	0	0	0	0	0	0	0	0	0	0	0	0	0	0	0	0	0	0	0	0	0	0	0	0	0	0	0	0	0	0	0	0	0	0	0	0	0	0	0	0	
11/03/2022 19:44:06	0	0	8	14.98	14.99	0	4805	679	3.7	3.7011	0	0	False	-6	-5.765	-5.718333	10	0	1.7958	3.727	3.738	-1	-0.034	3.7	0	0	0	0	0	0	0	0	0	0	0	0	0	0	0	0	0	0	0	0	0	0	0	0	0	0	0	0	0	0	0	0	0	0	0	0	0	0	0	0	0	0	0	0	0	0	0	0	0	0	
11/03/2022 19:44:16	0	0	8	14.99	14.99	0	4379	689	3.7	3.7009	0	0	False	-5.765	-5.278333	-5.178333	10	0	1.8109	3.738	3.738	-1	-0.023	3.7	0	0	0	0	0	0	0	0	0	0	0	0	0	0	0	0	0	0	0	0	0	0	0	0	0	0	0	0	0	0	0	0	0	0	0	0	0	0	0	0	0	0	0	0	0	0	0	0	0	0	
11/03/2022 19:44:26	0	0	8	14.98	14.99	0	3899	699	3.7	3.7009	0	0	False	-5.126667	-4.855	-4.648334	10	0	1.8249	3.738	3.738	-1	-0.023	3.7	0	0	0	0	0	0	0	0	0	0	0	0	0	0	0	0	0	0	0	0	0	0	0	0	0	0	0	0	0	0	0	0	0	0	0	0	0	0	0	0	0	0	0	0	0	0	0	0	0	0	
11/03/2022 19:44:36	0	0	8	14.99	15	0	3825	709	3.7	3.701	0	0	False	-4.916667	-4.555	-4.573333	10	0	1.8378	3.727	3.738	-1	-0.034	3.7	0	0	0	0	0	0	0	0	0	0	0	0	0	0	0	0	0	0	0	0	0	0	0	0	0	0	0	0	0	0	0	0	0	0	0	0	0	0	0	0	0	0	0	0	0	0	0	0	0	0	
11/03/2022 19:44:46	0	0	8	14.99	15	0	3635	719	3.701	3.7013	0	0	False	-4.223333	-4.24	-4.281667	10	0	1.8498	3.738	3.738	-1	-0.023	3.701	0	0	0	0	0	0	0	0	0	0	0	0	0	0	0	0	0	0	0	0	0	0	0	0	0	0	0	0	0	0	0	0	0	0	0	0	0	0	0	0	0	0	0	0	0	0	0	0	0	0	
11/03/2022 19:44:56	0	0	8	14.98	15	0	3329	729	3.7	3.7011	0	0	False	-4.151667	-3.89	-3.915	10	0	1.861	3.727	3.738	-1	-0.023	3.7	0	0	0	0	0	0	0	0	0	0	0	0	0	0	0	0	0	0	0	0	0	0	0	0	0	0	0	0	0	0	0	0	0	0	0	0	0	0	0	0	0	0	0	0	0	0	0	0	0	0	
11/03/2022 19:45:06	0	0	8	14.99	15	0	3023	739	3.7	3.7009	0	0	False	-3.985	-3.71	-3.601667	10	0	1.8714	3.738	3.738	-1	-0.034	3.7	0	0	0	0	0	0	0	0	0	0	0	0	0	0	0	0	0	0	0	0	0	0	0	0	0	0	0	0	0	0	0	0	0	0	0	0	0	0	0	0	0	0	0	0	0	0	0	0	0	0	
11/03/2022 19:45:16	0	0	8	14.98	15	0	2949	749	3.7	3.701	0	0	False	-3.78	-3.426667	-3.416667	10	0	1.8811	3.727	3.738	-1	-0.034	3.7	0	0	0	0	0	0	0	0	0	0	0	0	0	0	0	0	0	0	0	0	0	0	0	0	0	0	0	0	0	0	0	0	0	0	0	0	0	0	0	0	0	0	0	0	0	0	0	0	0	0	
11/03/2022 19:45:26	0	0	8	14.98	15.01	0	2639	759	3.701	3.7015	0	0	False	-3.578333	-3.355	-3.275	10	0	1.8904	3.738	3.738	-1	-0.034	3.701	0	0	0	0	0	0	0	0	0	0	0	0	0	0	0	0	0	0	0	0	0	0	0	0	0	0	0	0	0	0	0	0	0	0	0	0	0	0	0	0	0	0	0	0	0	0	0	0	0	0	
11/03/2022 19:45:36	0	0	8	14.98	15.01	0	2449	769	3.7	3.7009	0	0	False	-3.403333	-3.066667	-2.965	10	0	1.8992	3.738	3.738	-1	-0.034	3.7	0	0	0	0	0	0	0	0	0	0	0	0	0	0	0	0	0	0	0	0	0	0	0	0	0	0	0	0	0	0	0	0	0	0	0	0	0	0	0	0	0	0	0	0	0	0	0	0	0	0	
11/03/2022 19:45:46	0	0	8	14.98	15.01	0	2313	779	3.7	3.701	0	0	False	-3.203333	-2.871667	-2.815	10	0	1.9073	3.738	3.738	-1	-0.034	3.7	0	0	0	0	0	0	0	0	0	0	0	0	0	0	0	0	0	0	0	0	0	0	0	0	0	0	0	0	0	0	0	0	0	0	0	0	0	0	0	0	0	0	0	0	0	0	0	0	0	0	
11/03/2022 19:45:56	0	0	8	14.99	15.01	0	2123	789	3.7	3.701	0	0	False	-3.01	-2.633333	-2.535	10	0	1.915	3.738	3.738	-1	-0.034	3.7	0	0	0	0	0	0	0	0	0	0	0	0	0	0	0	0	0	0	0	0	0	0	0	0	0	0	0	0	0	0	0	0	0	0	0	0	0	0	0	0	0	0	0	0	0	0	0	0	0	0	
11/03/2022 19:46:06	0	0	8	14.99	15.01	0	2223	799	3.7	3.701	0	0	False	-2.816667	-2.57	-2.665	10	0	1.9221	3.727	3.738	-1	-0.034	3.7	0	0	0	0	0	0	0	0	0	0	0	0	0	0	0	0	0	0	0	0	0	0	0	0	0	0	0	0	0	0	0	0	0	0	0	0	0	0	0	0	0	0	0	0	0	0	0	0	0	0	
11/03/2022 19:46:16	0	0	8	14.99	15.01	0	1801	809	3.7	3.7009	0	0	False	-2.655	-2.35	-2.181667	10	0	1.9289	3.738	3.738	-1	-0.023	3.7	0	0	0	0	0	0	0	0	0	0	0	0	0	0	0	0	0	0	0	0	0	0	0	0	0	0	0	0	0	0	0	0	0	0	0	0	0	0	0	0	0	0	0	0	0	0	0	0	0	0	
11/03/2022 19:46:26	0	0	8	14.99	15.01	0	1843	819	3.7	3.7009	0	0	False	-2.47	-2.23	-2.23	10	0	1.9351	3.727	3.738	-1	-0.023	3.7	0	0	0	0	0	0	0	0	0	0	0	0	0	0	0	0	0	0	0	0	0	0	0	0	0	0	0	0	0	0	0	0	0	0	0	0	0	0	0	0	0	0	0	0	0	0	0	0	0	0	
11/03/2022 19:46:36	0	0	8	14.99	15.01	0	1769	828	3.7	3.701	0	0	False	-2.328333	-2.175	-2.158333	10	0	1.9405	3.727	3.738	-1	-0.023	3.7	0	0	0	0	0	0	0	0	0	0	0	0	0	0	0	0	0	0	0	0	0	0	0	0	0	0	0	0	0	0	0	0	0	0	0	0	0	0	0	0	0	0	0	0	0	0	0	0	0	0	
11/03/2022 19:46:46	0	0	8	14.98	15.02	0	1575	838	3.7	3.7009	0	0	False	-2.213333	-2.038333	-2.015	10	0	1.9462	3.738	3.738	-1	-0.023	3.7	0	0	0	0	0	0	0	0	0	0	0	0	0	0	0	0	0	0	0	0	0	0	0	0	0	0	0	0	0	0	0	0	0	0	0	0	0	0	0	0	0	0	0	0	0	0	0	0	0	0	
11/03/2022 19:46:56	0	0	8	14.98	15.02	0	1559	848	3.701	3.7015	0	0	False	-2.076667	-1.775	-1.786667	10	0	1.9513	3.727	3.738	-1	-0.034	3.701	0	0	0	0	0	0	0	0	0	0	0	0	0	0	0	0	0	0	0	0	0	0	0	0	0	0	0	0	0	0	0	0	0	0	0	0	0	0	0	0	0	0	0	0	0	0	0	0	0	0	
11/03/2022 19:47:06	0	0	8	14.99	15.02	0	1311	858	3.7	3.701	0	0	False	-1.963333	-1.646667	-1.513333	10	0	1.9564	3.738	3.738	-1	-0.034	3.7	0	0	0	0	0	0	0	0	0	0	0	0	0	0	0	0	0	0	0	0	0	0	0	0	0	0	0	0	0	0	0	0	0	0	0	0	0	0	0	0	0	0	0	0	0	0	0	0	0	0	
11/03/2022 19:47:16	0	0	8	14.99	15.02	0	1411	868	3.7	3.7009	0	0	False	-1.85	-1.65	-1.65	10	0	1.9611	3.727	3.738	-1	-0.034	3.7	0	0	0	0	0	0	0	0	0	0	0	0	0	0	0	0	0	0	0	0	0	0	0	0	0	0	0	0	0	0	0	0	0	0	0	0	0	0	0	0	0	0	0	0	0	0	0	0	0	0	
11/03/2022 19:47:26	0	0	8	14.99	15.02	0	1337	878	3.701	3.7015	0	0	False	-1.735	-1.5	-1.516667	10	0	1.9655	3.738	3.738	-1	-0.034	3.701	0	0	0	0	0	0	0	0	0	0	0	0	0	0	0	0	0	0	0	0	0	0	0	0	0	0	0	0	0	0	0	0	0	0	0	0	0	0	0	0	0	0	0	0	0	0	0	0	0	0	
11/03/2022 19:47:36	0	0	8	14.99	15.02	0	1379	888	3.701	3.7018	0	0	False	-1.631667	-1.51	-1.65	10	0	1.9697	3.727	3.738	-1	-0.023	3.701	0	0	0	0	0	0	0	0	0	0	0	0	0	0	0	0	0	0	0	0	0	0	0	0	0	0	0	0	0	0	0	0	0	0	0	0	0	0	0	0	0	0	0	0	0	0	0	0	0	0	
11/03/2022 19:47:46	0	0	8	14.98	15.02	0	1247	898	3.701	3.7018	0	0	False	-1.551667	-1.466667	-1.391667	10	0	1.9738	3.738	3.738	-1	-0.034	3.701	0	0	0	0	0	0	0	0	0	0	0	0	0	0	0	0	0	0	0	0	0	0	0	0	0	0	0	0	0	0	0	0	0	0	0	0	0	0	0	0	0	0	0	0	0	0	0	0	0	0	
11/03/2022 19:47:56	0	0	8	14.99	15.02	0	1227	908	3.7	3.7011	0	0	False	-1.478333	-1.356667	-1.381667	10	0	1.9776	3.738	3.738	-1	-0.046	3.7	0	0	0	0	0	0	0	0	0	0	0	0	0	0	0	0	0	0	0	0	0	0	0	0	0	0	0	0	0	0	0	0	0	0	0	0	0	0	0	0	0	0	0	0	0	0	0	0	0	0	
11/03/2022 19:48:06	0	0	8	14.98	15.02	0	1211	918	3.701	3.7021	0	0	False	-1.383333	-1.285	-1.408333	10	0	1.9811	3.727	3.738	-1	-0.023	3.701	0	0	0	0	0	0	0	0	0	0	0	0	0	0	0	0	0	0	0	0	0	0	0	0	0	0	0	0	0	0	0	0	0	0	0	0	0	0	0	0	0	0	0	0	0	0	0	0	0	0	
11/03/2022 19:48:16	0	0	8	14.98	15.02	0	847	928	3.7	3.7009	0	0	False	-1.341667	-1.173333	-0.9933333	10	0	1.9846	3.727	3.738	-1	-0.034	3.7	0	0	0	0	0	0	0	0	0	0	0	0	0	0	0	0	0	0	0	0	0	0	0	0	0	0	0	0	0	0	0	0	0	0	0	0	0	0	0	0	0	0	0	0	0	0	0	0	0	0	
11/03/2022 19:48:26	0	0	8	14.98	15.02	0	1005	938	3.7	3.701	0	0	False	-1.265	-1.116667	-1.101667	10	0	1.9878	3.727	3.738	-1	-0.034	3.7	0	0	0	0	0	0	0	0	0	0	0	0	0	0	0	0	0	0	0	0	0	0	0	0	0	0	0	0	0	0	0	0	0	0	0	0	0	0	0	0	0	0	0	0	0	0	0	0	0	0	
11/03/2022 19:48:36	0	0	8	14.98	15.02	0	931	948	3.7	3.7009	0	0	False	-1.216667	-1.073333	-1.073333	10	0	1.991	3.727	3.738	-1	-0.034	3.7	0	0	0	0	0	0	0	0	0	0	0	0	0	0	0	0	0	0	0	0	0	0	0	0	0	0	0	0	0	0	0	0	0	0	0	0	0	0	0	0	0	0	0	0	0	0	0	0	0	0	
11/03/2022 19:48:46	0	0	8	14.98	15.02	0	1089	958	3.7	3.701	0	0	False	-1.153333	-1.136667	-1.255	10	0	1.994	3.727	3.738	-1	-0.034	3.7	0	0	0	0	0	0	0	0	0	0	0	0	0	0	0	0	0	0	0	0	0	0	0	0	0	0	0	0	0	0	0	0	0	0	0	0	0	0	0	0	0	0	0	0	0	0	0	0	0	0	
11/03/2022 19:48:56	0	0	8	14.99	15.02	0	841	968	3.701	3.7014	0	0	False	-1.095	-1.05	-0.9433333	10	0	1.9968	3.738	3.738	-1	-0.034	3.701	0	0	0	0	0	0	0	0	0	0	0	0	0	0	0	0	0	0	0	0	0	0	0	0	0	0	0	0	0	0	0	0	0	0	0	0	0	0	0	0	0	0	0	0	0	0	0	0	0	0	
11/03/2022 19:49:06	0	0	8	14.99	15.02	0	709	978	3.7	3.701	0	0	False	-1.06	-0.945	-0.7616667	10	0	1.9995	3.727	3.738	-1	-0.034	3.7	0	0	0	0	0	0	0	0	0	0	0	0	0	0	0	0	0	0	0	0	0	0	0	0	0	0	0	0	0	0	0	0	0	0	0	0	0	0	0	0	0	0	0	0	0	0	0	0	0	0	
11/03/2022 19:49:16	0	0	8	14.98	15.02	0	635	988	3.701	3.7017	0	0	False	-0.9816667	-0.75	-0.6483333	10	0	2.0019	3.727	3.738	-1	-0.023	3.701	0	0	0	0	0	0	0	0	0	0	0	0	0	0	0	0	0	0	0	0	0	0	0	0	0	0	0	0	0	0	0	0	0	0	0	0	0	0	0	0	0	0	0	0	0	0	0	0	0	0	
11/03/2022 19:49:26	0	0	8	14.98	15.02	0	851	998	3.701	3.7018	0	0	False	-0.9233333	-0.8966666	-0.9033333	10	0	2.0043	3.738	3.738	-1	-0.034	3.701	0	0	0	0	0	0	0	0	0	0	0	0	0	0	0	0	0	0	0	0	0	0	0	0	0	0	0	0	0	0	0	0	0	0	0	0	0	0	0	0	0	0	0	0	0	0	0	0	0	0	
11/03/2022 19:49:36	0	0	8	14.98	15.02	0	835	1007	3.7	3.7009	0	0	False	-0.9083334	-0.8733333	-0.895	10	0	2.0067	3.727	3.738	-1	-0.023	3.7	0	0	0	0	0	0	0	0	0	0	0	0	0	0	0	0	0	0	0	0	0	0	0	0	0	0	0	0	0	0	0	0	0	0	0	0	0	0	0	0	0	0	0	0	0	0	0	0	0	0	
11/03/2022 19:49:46	0	0	8	14.98	15.02	0	703	1017	3.7	3.701	0	0	False	-0.8783333	-0.8366666	-0.7733333	10	0	2.0087	3.727	3.738	-1	-0.023	3.7	0	0	0	0	0	0	0	0	0	0	0	0	0	0	0	0	0	0	0	0	0	0	0	0	0	0	0	0	0	0	0	0	0	0	0	0	0	0	0	0	0	0	0	0	0	0	0	0	0	0	
11/03/2022 19:49:56	0	0	8	14.98	15.02	0	687	1027	3.7	3.7011	0	0	False	-0.83	-0.7366667	-0.7283334	10	0	2.0108	3.727	3.738	-1	-0.023	3.7	0	0	0	0	0	0	0	0	0	0	0	0	0	0	0	0	0	0	0	0	0	0	0	0	0	0	0	0	0	0	0	0	0	0	0	0	0	0	0	0	0	0	0	0	0	0	0	0	0	0	
11/03/2022 19:50:06	0	0	8	14.99	15.02	0	729	1037	3.7	3.7011	0	0	False	-0.7933334	-0.8183333	-0.8066667	10	0	2.0129	3.738	3.738	-1	-0.034	3.7	0	0	0	0	0	0	0	0	0	0	0	0	0	0	0	0	0	0	0	0	0	0	0	0	0	0	0	0	0	0	0	0	0	0	0	0	0	0	0	0	0	0	0	0	0	0	0	0	0	0	
