DateTime	SlaveNum	Cycle	Mode	SupplyVolts	LSupplyVolts	SupplyAmps	PWM	SecTimer	AvgCellVolts	MaxCellVolts	AvgIR	FallBackVolts	CVStarted	SlowAmps	AvgAmps	FastAmps	SetAmps	AhrIN	AhrOUT	PackVolts	AvgPackVolts	Fuel1	SumError	Cell1Volts	Cell2Volts	Cell3Volts	Cell4Volts	Cell5Volts	Cell6Volts	Cell7Volts	Cell8Volts	Cell9Volts	Cell10Volts	Cell11Volts	Cell12Volts	Cell13Volts	Cell14Volts	Cell15Volts	Cell16Volts	Cell1IR	Cell2IR	Cell3IR	Cell4IR	Cell5IR	Cell6IR	Cell7IR	Cell8IR	Cell9IR	Cell10IR	Cell11IR	Cell12IR	Cell13IR	Cell14IR	Cell15IR	Cell16IR	BP1PWM	BP2PWM	BP3PWM	BP4PWM	BP5PWM	BP6PWM	BP7PWM	BP8PWM	BP9PWM	BP10PWM	BP11PWM	BP12PWM	BP13PWM	BP14PWM	BP15PWM	BP16PWM	Debug1	Debug2	Debug3	
16/03/2022 10:52:39	0	0	6	14.98	15.03	0	1937	13	3.541	3.5421	0	0	False	0	0	0.005	4.2	0	0	3.578	3.578	57	-0.023	3.541	0	0	0	0	0	0	0	0	0	0	0	0	0	0	0	0	0	0	0	0	0	0	0	0	0	0	0	0	0	0	0	0	0	0	0	0	0	0	0	0	0	0	0	0	0	0	0	0	0	0	
16/03/2022 10:52:40	0	0	6	15.01	15.02	1.1	2143	14	3.575	3.5759	0	0	False	0.01	0.7583333	4.148334	4.2	0.0008	0	3.589	3.589	57.6	-0.011	3.575	0	0	0	0	0	0	0	0	0	0	0	0	0	0	0	21.4	0	0	0	0	0	0	0	0	0	0	0	0	0	0	0	0	0	0	0	0	0	0	0	0	0	0	0	0	0	0	0	0	0	0	
16/03/2022 10:52:50	0	0	6	15.02	15.02	1.1	2159	24	3.604	3.6046	21.5	0	False	3.78	4.185	4.295	4.2	0.0124	0	3.624	3.624	59.5	-0.023	3.604	0	0	0	0	0	0	0	0	0	0	0	0	0	0	0	21.5	0	0	0	0	0	0	0	0	0	0	0	0	0	0	0	0	0	0	0	0	0	0	0	0	0	0	0	0	0	0	0	0	0	0	
16/03/2022 10:53:00	0	0	6	15.02	15.02	1.1	2163	34	3.616	3.6159	21.6	0	False	3.973333	4.2	4.116667	4.2	0.0241	0	3.647	3.647	60.1	-0.034	3.616	0	0	0	0	0	0	0	0	0	0	0	0	0	0	0	21.6	0	0	0	0	0	0	0	0	0	0	0	0	0	0	0	0	0	0	0	0	0	0	0	0	0	0	0	0	0	0	0	0	0	0	
16/03/2022 10:53:10	0	0	6	15.02	15.02	1.1	2169	44	3.625	3.6246	21.6	0	False	4.071667	4.206666	4.208333	4.2	0.0358	0	3.647	3.647	60.5	-0.023	3.625	0	0	0	0	0	0	0	0	0	0	0	0	0	0	0	21.6	0	0	0	0	0	0	0	0	0	0	0	0	0	0	0	0	0	0	0	0	0	0	0	0	0	0	0	0	0	0	0	0	0	0	
16/03/2022 10:53:20	0	0	6	15.02	15.02	1.1	2171	54	3.63	3.6309	21.5	0	False	4.125	4.201667	4.116667	4.2	0.0474	0	3.658	3.658	60.8	-0.034	3.63	0	0	0	0	0	0	0	0	0	0	0	0	0	0	0	21.5	0	0	0	0	0	0	0	0	0	0	0	0	0	0	0	0	0	0	0	0	0	0	0	0	0	0	0	0	0	0	0	0	0	0	
16/03/2022 10:53:30	0	0	6	15.02	15.02	1.1	2177	64	3.636	3.6371	21.5	0	False	4.151667	4.198333	4.263333	4.2	0.0591	0	3.658	3.67	61.2	-0.034	3.636	0	0	0	0	0	0	0	0	0	0	0	0	0	0	0	21.5	0	0	0	0	0	0	0	0	0	0	0	0	0	0	0	0	0	0	0	0	0	0	0	0	0	0	0	0	0	0	0	0	0	0	
16/03/2022 10:53:40	0	0	6	15.02	15.02	1.2	2181	74	3.641	3.6421	21.4	0	False	4.171667	4.196667	4.288333	4.2	0.0707	0	3.67	3.67	61.3	-0.034	3.641	0	0	0	0	0	0	0	0	0	0	0	0	0	0	0	21.4	0	0	0	0	0	0	0	0	0	0	0	0	0	0	0	0	0	0	0	0	0	0	0	0	0	0	0	0	0	0	0	0	0	0	
16/03/2022 10:53:50	0	0	6	15.02	15.02	1.1	2179	84	3.645	3.646	21.5	0	False	4.193333	4.208333	4.108333	4.2	0.0824	0	3.681	3.681	61.6	-0.023	3.645	0	0	0	0	0	0	0	0	0	0	0	0	0	0	0	21.5	0	0	0	0	0	0	0	0	0	0	0	0	0	0	0	0	0	0	0	0	0	0	0	0	0	0	0	0	0	0	0	0	0	0	
16/03/2022 10:54:00	0	0	6	15.02	15.02	1.2	2185	94	3.649	3.6498	21.5	0	False	4.19	4.178333	4.255	4.2	0.094	0	3.681	3.681	61.8	-0.034	3.649	0	0	0	0	0	0	0	0	0	0	0	0	0	0	0	21.5	0	0	0	0	0	0	0	0	0	0	0	0	0	0	0	0	0	0	0	0	0	0	0	0	0	0	0	0	0	0	0	0	0	0	
16/03/2022 10:54:10	0	0	6	15.02	15.02	1.1	2183	104	3.653	3.6535	21.4	0	False	4.193333	4.221667	4.148334	4.2	0.1057	0	3.681	3.681	61.9	-0.034	3.653	0	0	0	0	0	0	0	0	0	0	0	0	0	0	0	21.4	0	0	0	0	0	0	0	0	0	0	0	0	0	0	0	0	0	0	0	0	0	0	0	0	0	0	0	0	0	0	0	0	0	0	
16/03/2022 10:54:20	0	0	6	15.02	15.02	1.1	2185	114	3.656	3.6571	21.3	0	False	4.195	4.18	4.173333	4.2	0.1174	0	3.681	3.69	62.2	-0.023	3.656	0	0	0	0	0	0	0	0	0	0	0	0	0	0	0	21.3	0	0	0	0	0	0	0	0	0	0	0	0	0	0	0	0	0	0	0	0	0	0	0	0	0	0	0	0	0	0	0	0	0	0	
16/03/2022 10:54:30	0	0	6	15.02	15.02	1.2	2189	124	3.659	3.6596	21.3	0	False	4.191667	4.18	4.14	4.2	0.129	0	3.693	3.693	62.3	-0.034	3.659	0	0	0	0	0	0	0	0	0	0	0	0	0	0	0	21.3	0	0	0	0	0	0	0	0	0	0	0	0	0	0	0	0	0	0	0	0	0	0	0	0	0	0	0	0	0	0	0	0	0	0	
16/03/2022 10:54:40	0	0	6	15.02	15.02	1.1	2191	134	3.662	3.6634	21.2	0	False	4.198333	4.205	4.19	4.2	0.1407	0	3.693	3.693	62.3	-0.034	3.662	0	0	0	0	0	0	0	0	0	0	0	0	0	0	0	21.2	0	0	0	0	0	0	0	0	0	0	0	0	0	0	0	0	0	0	0	0	0	0	0	0	0	0	0	0	0	0	0	0	0	0	
16/03/2022 10:54:50	0	0	6	15.02	15.02	1.1	2193	144	3.665	3.6659	21.1	0	False	4.191667	4.188334	4.175	4.2	0.1524	0	3.693	3.694	62.6	-0.034	3.665	0	0	0	0	0	0	0	0	0	0	0	0	0	0	0	21.1	0	0	0	0	0	0	0	0	0	0	0	0	0	0	0	0	0	0	0	0	0	0	0	0	0	0	0	0	0	0	0	0	0	0	
16/03/2022 10:55:00	0	0	6	15.02	15.02	1.1	2191	154	3.667	3.6684	21.1	0	False	4.193333	4.191667	4.151667	4.2	0.164	0	3.693	3.703	62.7	-0.023	3.667	0	0	0	0	0	0	0	0	0	0	0	0	0	0	0	21.1	0	0	0	0	0	0	0	0	0	0	0	0	0	0	0	0	0	0	0	0	0	0	0	0	0	0	0	0	0	0	0	0	0	0	
16/03/2022 10:55:10	0	0	6	15.02	15.02	1.1	2193	163	3.669	3.6706	21.1	0	False	4.195	4.19	4.19	4.2	0.1745	0	3.704	3.704	62.8	-0.034	3.669	0	0	0	0	0	0	0	0	0	0	0	0	0	0	0	21.1	0	0	0	0	0	0	0	0	0	0	0	0	0	0	0	0	0	0	0	0	0	0	0	0	0	0	0	0	0	0	0	0	0	0	
16/03/2022 10:55:20	0	0	6	15.02	15.02	1.1	2195	173	3.673	3.6746	21.2	0	False	4.193333	4.185	4.161667	4.2	0.1861	0	3.704	3.704	63	-0.034	3.673	0	0	0	0	0	0	0	0	0	0	0	0	0	0	0	21.2	0	0	0	0	0	0	0	0	0	0	0	0	0	0	0	0	0	0	0	0	0	0	0	0	0	0	0	0	0	0	0	0	0	0	
16/03/2022 10:55:30	0	0	6	15.02	15.02	1.2	2197	183	3.675	3.6759	21.1	0	False	4.19	4.205	4.25	4.2	0.1978	0	3.704	3.704	63.1	-0.034	3.675	0	0	0	0	0	0	0	0	0	0	0	0	0	0	0	21.1	0	0	0	0	0	0	0	0	0	0	0	0	0	0	0	0	0	0	0	0	0	0	0	0	0	0	0	0	0	0	0	0	0	0	
16/03/2022 10:55:40	0	0	6	15.02	15.02	1.1	2199	193	3.677	3.6784	21.2	0	False	4.19	4.201667	4.208333	4.2	0.2095	0	3.704	3.704	63.2	-0.023	3.677	0	0	0	0	0	0	0	0	0	0	0	0	0	0	0	21.2	0	0	0	0	0	0	0	0	0	0	0	0	0	0	0	0	0	0	0	0	0	0	0	0	0	0	0	0	0	0	0	0	0	0	
16/03/2022 10:55:50	0	0	6	15.02	15.02	1.1	2199	203	3.679	3.6798	20.9	0	False	4.198333	4.2	4.205	4.2	0.2211	0	3.704	3.708	63.2	-0.023	3.679	0	0	0	0	0	0	0	0	0	0	0	0	0	0	0	20.9	0	0	0	0	0	0	0	0	0	0	0	0	0	0	0	0	0	0	0	0	0	0	0	0	0	0	0	0	0	0	0	0	0	0	
16/03/2022 10:56:00	0	0	6	15.02	15.02	1.1	2199	213	3.682	3.6826	20.8	0	False	4.196667	4.195	4.173333	4.2	0.2328	0	3.704	3.716	63.3	-0.023	3.682	0	0	0	0	0	0	0	0	0	0	0	0	0	0	0	20.8	0	0	0	0	0	0	0	0	0	0	0	0	0	0	0	0	0	0	0	0	0	0	0	0	0	0	0	0	0	0	0	0	0	0	
16/03/2022 10:56:10	0	0	6	15.02	15.02	1.2	2201	223	3.683	3.684	20.7	0	False	4.193333	4.201667	4.255	4.2	0.2445	0	3.716	3.716	63.5	-0.034	3.683	0	0	0	0	0	0	0	0	0	0	0	0	0	0	0	20.7	0	0	0	0	0	0	0	0	0	0	0	0	0	0	0	0	0	0	0	0	0	0	0	0	0	0	0	0	0	0	0	0	0	0	
16/03/2022 10:56:20	0	0	6	15.02	15.02	1.2	2201	233	3.685	3.6859	20.6	0	False	4.193333	4.195	4.223333	4.2	0.2561	0	3.716	3.716	63.6	-0.034	3.685	0	0	0	0	0	0	0	0	0	0	0	0	0	0	0	20.6	0	0	0	0	0	0	0	0	0	0	0	0	0	0	0	0	0	0	0	0	0	0	0	0	0	0	0	0	0	0	0	0	0	0	
16/03/2022 10:56:30	0	0	6	15.02	15.02	1.2	2201	243	3.687	3.6882	20.6	0	False	4.198333	4.198333	4.211667	4.2	0.2678	0	3.716	3.716	63.7	-0.034	3.687	0	0	0	0	0	0	0	0	0	0	0	0	0	0	0	20.6	0	0	0	0	0	0	0	0	0	0	0	0	0	0	0	0	0	0	0	0	0	0	0	0	0	0	0	0	0	0	0	0	0	0	
16/03/2022 10:56:40	0	0	6	15.02	15.02	1.1	2203	253	3.689	3.6897	20.6	0	False	4.191667	4.188334	4.185	4.2	0.2794	0	3.716	3.716	63.8	-0.023	3.689	0	0	0	0	0	0	0	0	0	0	0	0	0	0	0	20.6	0	0	0	0	0	0	0	0	0	0	0	0	0	0	0	0	0	0	0	0	0	0	0	0	0	0	0	0	0	0	0	0	0	0	
16/03/2022 10:56:50	0	0	6	15.02	15.02	1.2	2205	263	3.691	3.6922	20.4	0	False	4.191667	4.196667	4.25	4.2	0.2911	0	3.716	3.718	63.9	-0.023	3.691	0	0	0	0	0	0	0	0	0	0	0	0	0	0	0	20.4	0	0	0	0	0	0	0	0	0	0	0	0	0	0	0	0	0	0	0	0	0	0	0	0	0	0	0	0	0	0	0	0	0	0	
16/03/2022 10:57:00	0	0	6	15.02	15.02	1.2	2205	273	3.693	3.6934	20.4	0	False	4.191667	4.191667	4.223333	4.2	0.3027	0	3.716	3.727	64	-0.023	3.693	0	0	0	0	0	0	0	0	0	0	0	0	0	0	0	20.4	0	0	0	0	0	0	0	0	0	0	0	0	0	0	0	0	0	0	0	0	0	0	0	0	0	0	0	0	0	0	0	0	0	0	
16/03/2022 10:57:10	0	0	6	15.02	15.02	1.2	2205	283	3.694	3.6954	20.3	0	False	4.198333	4.2	4.205	4.2	0.3144	0	3.716	3.727	64	-0.023	3.694	0	0	0	0	0	0	0	0	0	0	0	0	0	0	0	20.3	0	0	0	0	0	0	0	0	0	0	0	0	0	0	0	0	0	0	0	0	0	0	0	0	0	0	0	0	0	0	0	0	0	0	
16/03/2022 10:57:20	0	0	6	15.02	15.02	1.1	2205	293	3.697	3.6973	20.3	0	False	4.2	4.196667	4.2	4.2	0.3261	0	3.716	3.727	64.2	-0.023	3.697	0	0	0	0	0	0	0	0	0	0	0	0	0	0	0	20.3	0	0	0	0	0	0	0	0	0	0	0	0	0	0	0	0	0	0	0	0	0	0	0	0	0	0	0	0	0	0	0	0	0	0	
16/03/2022 10:57:30	0	0	6	15.02	15.02	1.2	2209	303	3.699	3.6997	20.3	0	False	4.193333	4.195	4.255	4.2	0.3378	0	3.727	3.728	64.2	-0.034	3.699	0	0	0	0	0	0	0	0	0	0	0	0	0	0	0	20.3	0	0	0	0	0	0	0	0	0	0	0	0	0	0	0	0	0	0	0	0	0	0	0	0	0	0	0	0	0	0	0	0	0	0	
16/03/2022 10:57:40	0	0	6	15.03	15.02	1.2	2209	313	3.7	3.7009	20.3	0	False	4.193333	4.191667	4.25	4.2	0.3494	0	3.727	3.733	64.3	-0.023	3.7	0	0	0	0	0	0	0	0	0	0	0	0	0	0	0	20.3	0	0	0	0	0	0	0	0	0	0	0	0	0	0	0	0	0	0	0	0	0	0	0	0	0	0	0	0	0	0	0	0	0	0	
16/03/2022 10:57:50	0	0	6	15.02	15.02	1.2	2209	323	3.702	3.7029	20.3	0	False	4.195	4.201667	4.2	4.2	0.3611	0	3.727	3.738	64.3	-0.034	3.702	0	0	0	0	0	0	0	0	0	0	0	0	0	0	0	20.3	0	0	0	0	0	0	0	0	0	0	0	0	0	0	0	0	0	0	0	0	0	0	0	0	0	0	0	0	0	0	0	0	0	0	
16/03/2022 10:58:00	0	0	6	15.02	15.02	1.2	2211	333	3.704	3.7047	20.4	0	False	4.201667	4.19	4.19	4.2	0.3728	0	3.738	3.738	64.6	-0.023	3.704	0	0	0	0	0	0	0	0	0	0	0	0	0	0	0	20.4	0	0	0	0	0	0	0	0	0	0	0	0	0	0	0	0	0	0	0	0	0	0	0	0	0	0	0	0	0	0	0	0	0	0	
16/03/2022 10:58:10	0	0	6	15.03	15.02	1.2	2213	343	3.706	3.7072	20.1	0	False	4.198333	4.19	4.26	4.2	0.3844	0	3.738	3.738	64.6	-0.034	3.706	0	0	0	0	0	0	0	0	0	0	0	0	0	0	0	20.1	0	0	0	0	0	0	0	0	0	0	0	0	0	0	0	0	0	0	0	0	0	0	0	0	0	0	0	0	0	0	0	0	0	0	
16/03/2022 10:58:20	0	0	6	15.02	15.02	1.1	2211	353	3.708	3.7084	20	0	False	4.198333	4.21	4.151667	4.2	0.3961	0	3.738	3.739	64.7	-0.034	3.708	0	0	0	0	0	0	0	0	0	0	0	0	0	0	0	20	0	0	0	0	0	0	0	0	0	0	0	0	0	0	0	0	0	0	0	0	0	0	0	0	0	0	0	0	0	0	0	0	0	0	
16/03/2022 10:58:30	0	0	6	15.02	15.02	1.1	2213	363	3.709	3.7098	20.1	0	False	4.198333	4.18	4.128334	4.2	0.4077	0	3.738	3.74	64.8	-0.034	3.709	0	0	0	0	0	0	0	0	0	0	0	0	0	0	0	20.1	0	0	0	0	0	0	0	0	0	0	0	0	0	0	0	0	0	0	0	0	0	0	0	0	0	0	0	0	0	0	0	0	0	0	
16/03/2022 10:58:40	0	0	6	15.02	15.02	1.2	2215	373	3.711	3.7122	20.1	0	False	4.201667	4.2	4.19	4.2	0.4194	0	3.738	3.741	64.9	-0.034	3.711	0	0	0	0	0	0	0	0	0	0	0	0	0	0	0	20.1	0	0	0	0	0	0	0	0	0	0	0	0	0	0	0	0	0	0	0	0	0	0	0	0	0	0	0	0	0	0	0	0	0	0	
16/03/2022 10:58:50	0	0	6	15.02	15.02	1.2	2217	383	3.714	3.7147	20.1	0	False	4.196667	4.225	4.273334	4.2	0.431	0	3.738	3.75	64.9	-0.034	3.714	0	0	0	0	0	0	0	0	0	0	0	0	0	0	0	20.1	0	0	0	0	0	0	0	0	0	0	0	0	0	0	0	0	0	0	0	0	0	0	0	0	0	0	0	0	0	0	0	0	0	0	
16/03/2022 10:59:00	0	0	6	15.02	15.02	1.1	2215	393	3.715	3.7159	20	0	False	4.196667	4.185	4.141667	4.2	0.4427	0	3.75	3.75	65.1	-0.023	3.715	0	0	0	0	0	0	0	0	0	0	0	0	0	0	0	20	0	0	0	0	0	0	0	0	0	0	0	0	0	0	0	0	0	0	0	0	0	0	0	0	0	0	0	0	0	0	0	0	0	0	
16/03/2022 10:59:10	0	0	6	15.02	15.02	1.2	2217	402	3.717	3.7179	20	0	False	4.2	4.215	4.235	4.2	0.4532	0	3.75	3.75	65.1	-0.034	3.717	0	0	0	0	0	0	0	0	0	0	0	0	0	0	0	20	0	0	0	0	0	0	0	0	0	0	0	0	0	0	0	0	0	0	0	0	0	0	0	0	0	0	0	0	0	0	0	0	0	0	
16/03/2022 10:59:20	0	0	6	15.02	15.02	1.2	2217	412	3.719	3.7197	20	0	False	4.2	4.198333	4.2	4.2	0.4648	0	3.75	3.75	65.2	-0.034	3.719	0	0	0	0	0	0	0	0	0	0	0	0	0	0	0	20	0	0	0	0	0	0	0	0	0	0	0	0	0	0	0	0	0	0	0	0	0	0	0	0	0	0	0	0	0	0	0	0	0	0	
16/03/2022 10:59:30	0	0	6	15.02	15.02	1.2	2221	422	3.721	3.7222	19.9	0	False	4.186666	4.193333	4.255	4.2	0.4764	0	3.75	3.751	65.3	-0.034	3.721	0	0	0	0	0	0	0	0	0	0	0	0	0	0	0	19.9	0	0	0	0	0	0	0	0	0	0	0	0	0	0	0	0	0	0	0	0	0	0	0	0	0	0	0	0	0	0	0	0	0	0	
16/03/2022 10:59:40	0	0	6	15.02	15.02	1.2	2221	432	3.723	3.7234	19.9	0	False	4.183333	4.203333	4.28	4.2	0.4881	0	3.75	3.752	65.5	-0.034	3.723	0	0	0	0	0	0	0	0	0	0	0	0	0	0	0	19.9	0	0	0	0	0	0	0	0	0	0	0	0	0	0	0	0	0	0	0	0	0	0	0	0	0	0	0	0	0	0	0	0	0	0	
16/03/2022 10:59:50	0	0	6	15.02	15.02	1.1	2219	442	3.724	3.7247	19.8	0	False	4.19	4.175	4.113333	4.2	0.4998	0	3.75	3.758	65.5	-0.023	3.724	0	0	0	0	0	0	0	0	0	0	0	0	0	0	0	19.8	0	0	0	0	0	0	0	0	0	0	0	0	0	0	0	0	0	0	0	0	0	0	0	0	0	0	0	0	0	0	0	0	0	0	
16/03/2022 11:00:00	0	0	6	15.03	15.02	1.2	2221	452	3.726	3.7272	19.8	0	False	4.196667	4.203333	4.2	4.2	0.5114	0	3.761	3.761	65.6	-0.034	3.726	0	0	0	0	0	0	0	0	0	0	0	0	0	0	0	19.8	0	0	0	0	0	0	0	0	0	0	0	0	0	0	0	0	0	0	0	0	0	0	0	0	0	0	0	0	0	0	0	0	0	0	
16/03/2022 11:00:10	0	0	6	15.02	15.02	1.2	2223	462	3.728	3.7293	19.8	0	False	4.19	4.193333	4.185	4.2	0.523	0	3.761	3.761	65.7	-0.034	3.728	0	0	0	0	0	0	0	0	0	0	0	0	0	0	0	19.8	0	0	0	0	0	0	0	0	0	0	0	0	0	0	0	0	0	0	0	0	0	0	0	0	0	0	0	0	0	0	0	0	0	0	
16/03/2022 11:00:20	0	0	6	15.02	15.02	1.1	2223	472	3.73	3.7309	19.9	0	False	4.188334	4.193333	4.148334	4.2	0.5347	0	3.761	3.761	65.8	-0.023	3.73	0	0	0	0	0	0	0	0	0	0	0	0	0	0	0	19.9	0	0	0	0	0	0	0	0	0	0	0	0	0	0	0	0	0	0	0	0	0	0	0	0	0	0	0	0	0	0	0	0	0	0	
16/03/2022 11:00:30	0	0	6	15.02	15.02	1.1	2223	482	3.732	3.7331	20	0	False	4.188334	4.191667	4.14	4.2	0.5464	0	3.761	3.761	65.8	-0.034	3.732	0	0	0	0	0	0	0	0	0	0	0	0	0	0	0	20	0	0	0	0	0	0	0	0	0	0	0	0	0	0	0	0	0	0	0	0	0	0	0	0	0	0	0	0	0	0	0	0	0	0	
16/03/2022 11:00:40	0	0	6	15.02	15.02	1.2	2227	492	3.734	3.7348	20.1	0	False	4.198333	4.195	4.205	4.2	0.558	0	3.761	3.763	66.1	-0.034	3.734	0	0	0	0	0	0	0	0	0	0	0	0	0	0	0	20.1	0	0	0	0	0	0	0	0	0	0	0	0	0	0	0	0	0	0	0	0	0	0	0	0	0	0	0	0	0	0	0	0	0	0	
16/03/2022 11:00:50	0	0	6	15.02	15.02	1.2	2229	502	3.736	3.7372	20	0	False	4.19	4.198333	4.261667	4.2	0.5697	0	3.761	3.771	66.2	-0.023	3.736	0	0	0	0	0	0	0	0	0	0	0	0	0	0	0	20	0	0	0	0	0	0	0	0	0	0	0	0	0	0	0	0	0	0	0	0	0	0	0	0	0	0	0	0	0	0	0	0	0	0	
16/03/2022 11:01:00	0	0	6	15.02	15.02	1.1	2227	512	3.738	3.7386	20	0	False	4.191667	4.201667	4.168334	4.2	0.5814	0	3.761	3.773	66.2	-0.034	3.738	0	0	0	0	0	0	0	0	0	0	0	0	0	0	0	20	0	0	0	0	0	0	0	0	0	0	0	0	0	0	0	0	0	0	0	0	0	0	0	0	0	0	0	0	0	0	0	0	0	0	
16/03/2022 11:01:10	0	0	6	15.02	15.02	1.2	2231	522	3.74	3.7409	19.9	0	False	4.195	4.203333	4.235	4.2	0.5931	0	3.761	3.773	66.2	-0.023	3.74	0	0	0	0	0	0	0	0	0	0	0	0	0	0	0	19.9	0	0	0	0	0	0	0	0	0	0	0	0	0	0	0	0	0	0	0	0	0	0	0	0	0	0	0	0	0	0	0	0	0	0	
16/03/2022 11:01:20	0	0	6	15.03	15.02	1.2	2233	532	3.742	3.7434	20	0	False	4.191667	4.195	4.29	4.2	0.6047	0	3.773	3.773	66.4	-0.034	3.742	0	0	0	0	0	0	0	0	0	0	0	0	0	0	0	20	0	0	0	0	0	0	0	0	0	0	0	0	0	0	0	0	0	0	0	0	0	0	0	0	0	0	0	0	0	0	0	0	0	0	
16/03/2022 11:01:30	0	0	6	15.02	15.02	1.2	2233	542	3.744	3.7454	20	0	False	4.188334	4.185	4.255	4.2	0.6164	0	3.773	3.773	66.6	-0.034	3.744	0	0	0	0	0	0	0	0	0	0	0	0	0	0	0	20	0	0	0	0	0	0	0	0	0	0	0	0	0	0	0	0	0	0	0	0	0	0	0	0	0	0	0	0	0	0	0	0	0	0	
16/03/2022 11:01:40	0	0	6	15.02	15.02	1.2	2233	552	3.746	3.7472	19.8	0	False	4.188334	4.188334	4.246666	4.2	0.6281	0	3.773	3.775	66.6	-0.034	3.746	0	0	0	0	0	0	0	0	0	0	0	0	0	0	0	19.8	0	0	0	0	0	0	0	0	0	0	0	0	0	0	0	0	0	0	0	0	0	0	0	0	0	0	0	0	0	0	0	0	0	0	
16/03/2022 11:01:50	0	0	6	15.02	15.02	1.1	2231	562	3.749	3.7497	19.8	0	False	4.198333	4.195	4.108333	4.2	0.6397	0	3.773	3.784	66.7	-0.023	3.749	0	0	0	0	0	0	0	0	0	0	0	0	0	0	0	19.8	0	0	0	0	0	0	0	0	0	0	0	0	0	0	0	0	0	0	0	0	0	0	0	0	0	0	0	0	0	0	0	0	0	0	
16/03/2022 11:02:00	0	0	6	15.02	15.02	1.2	2235	572	3.751	3.752	19.8	0	False	4.191667	4.236667	4.178333	4.2	0.6514	0	3.773	3.784	66.8	-0.034	3.751	0	0	0	0	0	0	0	0	0	0	0	0	0	0	0	19.8	0	0	0	0	0	0	0	0	0	0	0	0	0	0	0	0	0	0	0	0	0	0	0	0	0	0	0	0	0	0	0	0	0	0	
16/03/2022 11:02:10	0	0	6	15.02	15.02	1.1	2235	582	3.753	3.7537	19.9	0	False	4.205	4.233333	4.235	4.2	0.6631	0	3.784	3.784	66.9	-0.034	3.753	0	0	0	0	0	0	0	0	0	0	0	0	0	0	0	19.9	0	0	0	0	0	0	0	0	0	0	0	0	0	0	0	0	0	0	0	0	0	0	0	0	0	0	0	0	0	0	0	0	0	0	
16/03/2022 11:02:20	0	0	6	15.02	15.02	1.2	2235	592	3.755	3.7559	19.8	0	False	4.208333	4.216667	4.225	4.2	0.6747	0	3.784	3.784	67.1	-0.034	3.755	0	0	0	0	0	0	0	0	0	0	0	0	0	0	0	19.8	0	0	0	0	0	0	0	0	0	0	0	0	0	0	0	0	0	0	0	0	0	0	0	0	0	0	0	0	0	0	0	0	0	0	
16/03/2022 11:02:30	0	0	6	15.02	15.02	1.2	2239	602	3.758	3.7584	19.8	0	False	4.195	4.188334	4.2	4.2	0.6864	0	3.784	3.787	67.2	-0.034	3.758	0	0	0	0	0	0	0	0	0	0	0	0	0	0	0	19.8	0	0	0	0	0	0	0	0	0	0	0	0	0	0	0	0	0	0	0	0	0	0	0	0	0	0	0	0	0	0	0	0	0	0	
16/03/2022 11:02:40	0	0	6	15.03	15.02	1.2	2241	611	3.76	3.7609	19.7	0	False	4.198333	4.236667	4.235	4.2	0.6969	0	3.796	3.796	67.3	-0.034	3.76	0	0	0	0	0	0	0	0	0	0	0	0	0	0	0	19.7	0	0	0	0	0	0	0	0	0	0	0	0	0	0	0	0	0	0	0	0	0	0	0	0	0	0	0	0	0	0	0	0	0	0	
16/03/2022 11:02:50	0	0	6	15.02	15.02	1.2	2243	621	3.763	3.7634	19.7	0	False	4.203333	4.215	4.235	4.2	0.7085	0	3.796	3.796	67.3	-0.034	3.763	0	0	0	0	0	0	0	0	0	0	0	0	0	0	0	19.7	0	0	0	0	0	0	0	0	0	0	0	0	0	0	0	0	0	0	0	0	0	0	0	0	0	0	0	0	0	0	0	0	0	0	
16/03/2022 11:03:00	0	0	6	15.02	15.02	1.2	2243	631	3.764	3.7653	19.7	0	False	4.198333	4.186666	4.178333	4.2	0.7202	0	3.796	3.796	67.6	-0.034	3.764	0	0	0	0	0	0	0	0	0	0	0	0	0	0	0	19.7	0	0	0	0	0	0	0	0	0	0	0	0	0	0	0	0	0	0	0	0	0	0	0	0	0	0	0	0	0	0	0	0	0	0	
16/03/2022 11:03:10	0	0	6	15.02	15.02	1.2	2245	641	3.768	3.7684	19.7	0	False	4.195	4.216667	4.266667	4.2	0.7319	0	3.796	3.807	67.7	-0.034	3.768	0	0	0	0	0	0	0	0	0	0	0	0	0	0	0	19.7	0	0	0	0	0	0	0	0	0	0	0	0	0	0	0	0	0	0	0	0	0	0	0	0	0	0	0	0	0	0	0	0	0	0	
16/03/2022 11:03:20	0	0	6	15.02	15.02	1.2	2245	651	3.769	3.7697	19.7	0	False	4.2	4.188334	4.228333	4.2	0.7436	0	3.807	3.807	67.7	-0.034	3.769	0	0	0	0	0	0	0	0	0	0	0	0	0	0	0	19.7	0	0	0	0	0	0	0	0	0	0	0	0	0	0	0	0	0	0	0	0	0	0	0	0	0	0	0	0	0	0	0	0	0	0	
16/03/2022 11:03:30	0	0	6	15.03	15.02	1.2	2247	661	3.772	3.7723	19.7	0	False	4.2	4.19	4.205	4.2	0.7552	0	3.796	3.807	67.9	-0.034	3.772	0	0	0	0	0	0	0	0	0	0	0	0	0	0	0	19.7	0	0	0	0	0	0	0	0	0	0	0	0	0	0	0	0	0	0	0	0	0	0	0	0	0	0	0	0	0	0	0	0	0	0	
16/03/2022 11:03:40	0	0	6	15.02	15.02	1.2	2249	671	3.774	3.7748	19.6	0	False	4.193333	4.203333	4.238333	4.2	0.7669	0	3.807	3.807	68.1	-0.034	3.774	0	0	0	0	0	0	0	0	0	0	0	0	0	0	0	19.6	0	0	0	0	0	0	0	0	0	0	0	0	0	0	0	0	0	0	0	0	0	0	0	0	0	0	0	0	0	0	0	0	0	0	
16/03/2022 11:03:50	0	0	6	15.02	15.02	1.2	2249	681	3.777	3.7775	19.6	0	False	4.196667	4.205	4.223333	4.2	0.7785	0	3.807	3.809	68.2	-0.034	3.777	0	0	0	0	0	0	0	0	0	0	0	0	0	0	0	19.6	0	0	0	0	0	0	0	0	0	0	0	0	0	0	0	0	0	0	0	0	0	0	0	0	0	0	0	0	0	0	0	0	0	0	
16/03/2022 11:04:00	0	0	6	15.02	15.02	1.2	2251	691	3.779	3.7801	19.7	0	False	4.198333	4.178333	4.173333	4.2	0.7902	0	3.819	3.819	68.3	-0.034	3.779	0	0	0	0	0	0	0	0	0	0	0	0	0	0	0	19.7	0	0	0	0	0	0	0	0	0	0	0	0	0	0	0	0	0	0	0	0	0	0	0	0	0	0	0	0	0	0	0	0	0	0	
16/03/2022 11:04:10	0	0	6	15.03	15.02	1.2	2253	701	3.782	3.7833	19.5	0	False	4.191667	4.196667	4.255	4.2	0.8019	0	3.819	3.819	68.4	-0.034	3.782	0	0	0	0	0	0	0	0	0	0	0	0	0	0	0	19.5	0	0	0	0	0	0	0	0	0	0	0	0	0	0	0	0	0	0	0	0	0	0	0	0	0	0	0	0	0	0	0	0	0	0	
16/03/2022 11:04:20	0	0	6	15.02	15.02	1.2	2253	711	3.784	3.7851	19.6	0	False	4.195	4.203333	4.226666	4.2	0.8135	0	3.819	3.819	68.5	-0.034	3.784	0	0	0	0	0	0	0	0	0	0	0	0	0	0	0	19.6	0	0	0	0	0	0	0	0	0	0	0	0	0	0	0	0	0	0	0	0	0	0	0	0	0	0	0	0	0	0	0	0	0	0	
16/03/2022 11:04:30	0	0	6	15.03	15.02	1.2	2255	721	3.787	3.788	19.6	0	False	4.195	4.185	4.2	4.2	0.8252	0	3.819	3.819	68.6	-0.034	3.787	0	0	0	0	0	0	0	0	0	0	0	0	0	0	0	19.6	0	0	0	0	0	0	0	0	0	0	0	0	0	0	0	0	0	0	0	0	0	0	0	0	0	0	0	0	0	0	0	0	0	0	
16/03/2022 11:04:40	0	0	6	15.02	15.02	1.2	2257	731	3.79	3.7909	19.5	0	False	4.188334	4.183333	4.25	4.2	0.8368	0	3.819	3.821	68.8	-0.034	3.79	0	0	0	0	0	0	0	0	0	0	0	0	0	0	0	19.5	0	0	0	0	0	0	0	0	0	0	0	0	0	0	0	0	0	0	0	0	0	0	0	0	0	0	0	0	0	0	0	0	0	0	
16/03/2022 11:04:50	0	0	6	15.02	15.02	1.2	2257	741	3.793	3.7934	19.5	0	False	4.19	4.198333	4.19	4.2	0.8484	0	3.83	3.83	68.8	-0.023	3.793	0	0	0	0	0	0	0	0	0	0	0	0	0	0	0	19.5	0	0	0	0	0	0	0	0	0	0	0	0	0	0	0	0	0	0	0	0	0	0	0	0	0	0	0	0	0	0	0	0	0	0	
16/03/2022 11:05:00	0	0	6	15.03	15.02	1.2	2259	751	3.795	3.7959	19.5	0	False	4.19	4.18	4.16	4.2	0.8601	0	3.83	3.83	69.1	-0.034	3.795	0	0	0	0	0	0	0	0	0	0	0	0	0	0	0	19.5	0	0	0	0	0	0	0	0	0	0	0	0	0	0	0	0	0	0	0	0	0	0	0	0	0	0	0	0	0	0	0	0	0	0	
16/03/2022 11:05:10	0	0	6	15.02	15.02	1.2	2261	761	3.798	3.7984	19.5	0	False	4.186666	4.181667	4.266667	4.2	0.8717	0	3.83	3.83	69.2	-0.034	3.798	0	0	0	0	0	0	0	0	0	0	0	0	0	0	0	19.5	0	0	0	0	0	0	0	0	0	0	0	0	0	0	0	0	0	0	0	0	0	0	0	0	0	0	0	0	0	0	0	0	0	0	
16/03/2022 11:05:20	0	0	6	15.02	15.02	1.2	2261	771	3.8	3.8012	19.4	0	False	4.196667	4.195	4.178333	4.2	0.8834	0	3.83	3.83	69.3	-0.034	3.8	0	0	0	0	0	0	0	0	0	0	0	0	0	0	0	19.4	0	0	0	0	0	0	0	0	0	0	0	0	0	0	0	0	0	0	0	0	0	0	0	0	0	0	0	0	0	0	0	0	0	0	
16/03/2022 11:05:30	0	0	6	15.03	15.03	1.2	2265	781	3.804	3.8047	19.4	0	False	4.196667	4.206666	4.255	4.2	0.8951	0	3.83	3.839	69.5	-0.034	3.804	0	0	0	0	0	0	0	0	0	0	0	0	0	0	0	19.4	0	0	0	0	0	0	0	0	0	0	0	0	0	0	0	0	0	0	0	0	0	0	0	0	0	0	0	0	0	0	0	0	0	0	
16/03/2022 11:05:40	0	0	6	15.02	15.02	1.2	2263	791	3.806	3.8072	19.3	0	False	4.206666	4.203333	4.226666	4.2	0.9068	0	3.83	3.842	69.6	-0.023	3.806	0	0	0	0	0	0	0	0	0	0	0	0	0	0	0	19.3	0	0	0	0	0	0	0	0	0	0	0	0	0	0	0	0	0	0	0	0	0	0	0	0	0	0	0	0	0	0	0	0	0	0	
16/03/2022 11:05:50	0	0	6	15.02	15.02	1.2	2267	801	3.81	3.8109	19.4	0	False	4.2	4.196667	4.19	4.2	0.9184	0	3.842	3.842	69.8	-0.034	3.81	0	0	0	0	0	0	0	0	0	0	0	0	0	0	0	19.4	0	0	0	0	0	0	0	0	0	0	0	0	0	0	0	0	0	0	0	0	0	0	0	0	0	0	0	0	0	0	0	0	0	0	
16/03/2022 11:06:00	0	0	6	15.02	15.03	1.2	2267	811	3.813	3.8134	19.4	0	False	4.206666	4.203333	4.128334	4.2	0.9301	0	3.842	3.842	70	-0.034	3.813	0	0	0	0	0	0	0	0	0	0	0	0	0	0	0	19.4	0	0	0	0	0	0	0	0	0	0	0	0	0	0	0	0	0	0	0	0	0	0	0	0	0	0	0	0	0	0	0	0	0	0	
16/03/2022 11:06:10	0	0	6	15.02	15.02	1.2	2269	821	3.815	3.8162	19.1	0	False	4.201667	4.201667	4.19	4.2	0.9417	0	3.842	3.847	70.1	-0.023	3.815	0	0	0	0	0	0	0	0	0	0	0	0	0	0	0	19.1	0	0	0	0	0	0	0	0	0	0	0	0	0	0	0	0	0	0	0	0	0	0	0	0	0	0	0	0	0	0	0	0	0	0	
16/03/2022 11:06:20	0	0	6	15.03	15.02	1.2	2273	830	3.819	3.8197	19.1	0	False	4.195	4.213333	4.276667	4.2	0.9522	0	3.842	3.853	70.2	-0.034	3.819	0	0	0	0	0	0	0	0	0	0	0	0	0	0	0	19.1	0	0	0	0	0	0	0	0	0	0	0	0	0	0	0	0	0	0	0	0	0	0	0	0	0	0	0	0	0	0	0	0	0	0	
16/03/2022 11:06:30	0	0	6	15.02	15.02	1.2	2271	840	3.821	3.8222	19.1	0	False	4.195	4.178333	4.168334	4.2	0.9639	0	3.842	3.853	70.3	-0.034	3.821	0	0	0	0	0	0	0	0	0	0	0	0	0	0	0	19.1	0	0	0	0	0	0	0	0	0	0	0	0	0	0	0	0	0	0	0	0	0	0	0	0	0	0	0	0	0	0	0	0	0	0	
16/03/2022 11:06:40	0	0	6	15.03	15.02	1.2	2273	850	3.824	3.8247	19.1	0	False	4.205	4.193333	4.185	4.2	0.9756	0	3.865	3.865	70.6	-0.034	3.824	0	0	0	0	0	0	0	0	0	0	0	0	0	0	0	19.1	0	0	0	0	0	0	0	0	0	0	0	0	0	0	0	0	0	0	0	0	0	0	0	0	0	0	0	0	0	0	0	0	0	0	
16/03/2022 11:06:50	0	0	6	15.02	15.02	1.2	2275	860	3.827	3.8284	19	0	False	4.195	4.193333	4.135	4.2	0.9872	0	3.853	3.865	70.6	-0.034	3.827	0	0	0	0	0	0	0	0	0	0	0	0	0	0	0	19	0	0	0	0	0	0	0	0	0	0	0	0	0	0	0	0	0	0	0	0	0	0	0	0	0	0	0	0	0	0	0	0	0	0	
16/03/2022 11:07:00	0	0	6	15.03	15.02	1.2	2277	870	3.83	3.8309	19	0	False	4.195	4.208333	4.205	4.2	0.9989	0	3.865	3.865	70.7	-0.034	3.83	0	0	0	0	0	0	0	0	0	0	0	0	0	0	0	19	0	0	0	0	0	0	0	0	0	0	0	0	0	0	0	0	0	0	0	0	0	0	0	0	0	0	0	0	0	0	0	0	0	0	
16/03/2022 11:07:10	0	0	6	15.02	15.02	1.2	2279	880	3.833	3.8334	19	0	False	4.19	4.188334	4.175	4.2	1.0105	0	3.865	3.865	70.8	-0.034	3.833	0	0	0	0	0	0	0	0	0	0	0	0	0	0	0	19	0	0	0	0	0	0	0	0	0	0	0	0	0	0	0	0	0	0	0	0	0	0	0	0	0	0	0	0	0	0	0	0	0	0	
16/03/2022 11:07:20	0	0	6	15.03	15.02	1.2	2281	890	3.835	3.8359	18.9	0	False	4.186666	4.2	4.25	4.2	1.0222	0	3.865	3.87	71.1	-0.034	3.835	0	0	0	0	0	0	0	0	0	0	0	0	0	0	0	18.9	0	0	0	0	0	0	0	0	0	0	0	0	0	0	0	0	0	0	0	0	0	0	0	0	0	0	0	0	0	0	0	0	0	0	
16/03/2022 11:07:30	0	0	6	15.02	15.02	1.2	2281	900	3.838	3.8387	18.9	0	False	4.2	4.196667	4.211667	4.2	1.0339	0	3.865	3.876	71.2	-0.023	3.838	0	0	0	0	0	0	0	0	0	0	0	0	0	0	0	18.9	0	0	0	0	0	0	0	0	0	0	0	0	0	0	0	0	0	0	0	0	0	0	0	0	0	0	0	0	0	0	0	0	0	0	
16/03/2022 11:07:40	0	0	6	15.03	15.02	1.2	2285	910	3.841	3.8422	18.9	0	False	4.186666	4.191667	4.273334	4.2	1.0456	0	3.876	3.876	71.3	-0.034	3.841	0	0	0	0	0	0	0	0	0	0	0	0	0	0	0	18.9	0	0	0	0	0	0	0	0	0	0	0	0	0	0	0	0	0	0	0	0	0	0	0	0	0	0	0	0	0	0	0	0	0	0	
16/03/2022 11:07:50	0	0	6	15.02	15.02	1.2	2283	920	3.844	3.8447	18.7	0	False	4.19	4.196667	4.148334	4.2	1.0572	0	3.876	3.876	71.5	-0.034	3.844	0	0	0	0	0	0	0	0	0	0	0	0	0	0	0	18.7	0	0	0	0	0	0	0	0	0	0	0	0	0	0	0	0	0	0	0	0	0	0	0	0	0	0	0	0	0	0	0	0	0	0	
16/03/2022 11:08:00	0	0	6	15.02	15.02	1.2	2287	930	3.847	3.8472	18.8	0	False	4.193333	4.193333	4.185	4.2	1.0689	0	3.876	3.877	71.7	-0.034	3.847	0	0	0	0	0	0	0	0	0	0	0	0	0	0	0	18.8	0	0	0	0	0	0	0	0	0	0	0	0	0	0	0	0	0	0	0	0	0	0	0	0	0	0	0	0	0	0	0	0	0	0	
16/03/2022 11:08:10	0	0	6	15.02	15.02	1.2	2287	940	3.849	3.8497	18.8	0	False	4.186666	4.196667	4.155	4.2	1.0805	0	3.888	3.888	71.7	-0.034	3.849	0	0	0	0	0	0	0	0	0	0	0	0	0	0	0	18.8	0	0	0	0	0	0	0	0	0	0	0	0	0	0	0	0	0	0	0	0	0	0	0	0	0	0	0	0	0	0	0	0	0	0	
16/03/2022 11:08:20	0	0	6	15.02	15.02	1.2	2291	950	3.852	3.8523	18.9	0	False	4.193333	4.205	4.205	4.2	1.0922	0	3.888	3.888	71.8	-0.023	3.852	0	0	0	0	0	0	0	0	0	0	0	0	0	0	0	18.9	0	0	0	0	0	0	0	0	0	0	0	0	0	0	0	0	0	0	0	0	0	0	0	0	0	0	0	0	0	0	0	0	0	0	
16/03/2022 11:08:30	0	0	6	15.02	15.02	1.2	2289	960	3.854	3.8555	18.7	0	False	4.193333	4.186666	4.191667	4.2	1.1039	0	3.888	3.888	72.1	-0.034	3.854	0	0	0	0	0	0	0	0	0	0	0	0	0	0	0	18.7	0	0	0	0	0	0	0	0	0	0	0	0	0	0	0	0	0	0	0	0	0	0	0	0	0	0	0	0	0	0	0	0	0	0	
16/03/2022 11:08:40	0	0	6	15.02	15.02	1.2	2291	970	3.858	3.8584	18.8	0	False	4.195	4.211667	4.116667	4.2	1.1155	0	3.888	3.888	72.1	-0.034	3.858	0	0	0	0	0	0	0	0	0	0	0	0	0	0	0	18.8	0	0	0	0	0	0	0	0	0	0	0	0	0	0	0	0	0	0	0	0	0	0	0	0	0	0	0	0	0	0	0	0	0	0	
16/03/2022 11:08:50	0	0	6	15.02	15.02	1.2	2295	980	3.86	3.8609	18.8	0	False	4.203333	4.198333	4.185	4.2	1.1272	0	3.888	3.899	72.2	-0.034	3.86	0	0	0	0	0	0	0	0	0	0	0	0	0	0	0	18.8	0	0	0	0	0	0	0	0	0	0	0	0	0	0	0	0	0	0	0	0	0	0	0	0	0	0	0	0	0	0	0	0	0	0	
16/03/2022 11:09:00	0	0	6	15.02	15.02	1.2	2297	990	3.863	3.8634	18.9	0	False	4.193333	4.185	4.245	4.2	1.1388	0	3.899	3.899	72.5	-0.034	3.863	0	0	0	0	0	0	0	0	0	0	0	0	0	0	0	18.9	0	0	0	0	0	0	0	0	0	0	0	0	0	0	0	0	0	0	0	0	0	0	0	0	0	0	0	0	0	0	0	0	0	0	
16/03/2022 11:09:10	0	0	6	15.02	15.02	1.2	2297	1000	3.865	3.8659	18.6	0	False	4.196667	4.186666	4.108333	4.2	1.1505	0	3.899	3.899	72.6	-0.034	3.865	0	0	0	0	0	0	0	0	0	0	0	0	0	0	0	18.6	0	0	0	0	0	0	0	0	0	0	0	0	0	0	0	0	0	0	0	0	0	0	0	0	0	0	0	0	0	0	0	0	0	0	
16/03/2022 11:09:20	0	0	6	15.02	15.02	1.2	2301	1010	3.868	3.8684	18.9	0	False	4.195	4.18	4.178333	4.2	1.1622	0	3.899	3.9	72.7	-0.034	3.868	0	0	0	0	0	0	0	0	0	0	0	0	0	0	0	18.9	0	0	0	0	0	0	0	0	0	0	0	0	0	0	0	0	0	0	0	0	0	0	0	0	0	0	0	0	0	0	0	0	0	0	
16/03/2022 11:09:30	0	0	6	15.02	15.02	1.2	2301	1020	3.87	3.8713	19	0	False	4.201667	4.23	4.273334	4.2	1.1739	0	3.899	3.901	72.8	-0.034	3.87	0	0	0	0	0	0	0	0	0	0	0	0	0	0	0	19	0	0	0	0	0	0	0	0	0	0	0	0	0	0	0	0	0	0	0	0	0	0	0	0	0	0	0	0	0	0	0	0	0	0	
16/03/2022 11:09:40	0	0	6	15.02	15.03	1.2	2301	1029	3.873	3.8734	19	0	False	4.2	4.195	4.19	4.2	1.1843	0	3.899	3.91	73	-0.034	3.873	0	0	0	0	0	0	0	0	0	0	0	0	0	0	0	19	0	0	0	0	0	0	0	0	0	0	0	0	0	0	0	0	0	0	0	0	0	0	0	0	0	0	0	0	0	0	0	0	0	0	
16/03/2022 11:09:50	0	0	6	15.03	15.02	1.2	2303	1039	3.876	3.8772	19.1	0	False	4.188334	4.178333	4.178333	4.2	1.196	0	3.899	3.91	73.1	-0.034	3.876	0	0	0	0	0	0	0	0	0	0	0	0	0	0	0	19.1	0	0	0	0	0	0	0	0	0	0	0	0	0	0	0	0	0	0	0	0	0	0	0	0	0	0	0	0	0	0	0	0	0	0	
16/03/2022 11:10:00	0	0	6	15.03	15.02	1.2	2305	1049	3.879	3.8797	19	0	False	4.19	4.206666	4.23	4.2	1.2076	0	3.91	3.911	73.2	-0.034	3.879	0	0	0	0	0	0	0	0	0	0	0	0	0	0	0	19	0	0	0	0	0	0	0	0	0	0	0	0	0	0	0	0	0	0	0	0	0	0	0	0	0	0	0	0	0	0	0	0	0	0	
16/03/2022 11:10:10	0	0	6	15.03	15.02	1.2	2307	1059	3.882	3.8822	19	0	False	4.2	4.211667	4.228333	4.2	1.2193	0	3.922	3.918	73.3	-0.034	3.882	0	0	0	0	0	0	0	0	0	0	0	0	0	0	0	19	0	0	0	0	0	0	0	0	0	0	0	0	0	0	0	0	0	0	0	0	0	0	0	0	0	0	0	0	0	0	0	0	0	0	
16/03/2022 11:10:20	0	0	6	15.03	15.02	1.2	2307	1069	3.884	3.8847	19	0	False	4.196667	4.191667	4.173333	4.2	1.2309	0	3.91	3.922	73.5	-0.046	3.884	0	0	0	0	0	0	0	0	0	0	0	0	0	0	0	19	0	0	0	0	0	0	0	0	0	0	0	0	0	0	0	0	0	0	0	0	0	0	0	0	0	0	0	0	0	0	0	0	0	0	
16/03/2022 11:10:30	0	0	6	15.02	15.02	1.2	2307	1079	3.887	3.8872	19	0	False	4.196667	4.2	4.121666	4.2	1.2426	0	3.922	3.922	73.6	-0.034	3.887	0	0	0	0	0	0	0	0	0	0	0	0	0	0	0	19	0	0	0	0	0	0	0	0	0	0	0	0	0	0	0	0	0	0	0	0	0	0	0	0	0	0	0	0	0	0	0	0	0	0	
16/03/2022 11:10:40	0	0	6	15.02	15.02	1.2	2309	1089	3.889	3.8897	19.1	0	False	4.201667	4.2	4.173333	4.2	1.2543	0	3.922	3.922	73.7	-0.034	3.889	0	0	0	0	0	0	0	0	0	0	0	0	0	0	0	19.1	0	0	0	0	0	0	0	0	0	0	0	0	0	0	0	0	0	0	0	0	0	0	0	0	0	0	0	0	0	0	0	0	0	0	
16/03/2022 11:10:50	0	0	6	15.02	15.02	1.2	2313	1099	3.892	3.8927	19.1	0	False	4.191667	4.201667	4.273334	4.2	1.2659	0	3.922	3.923	73.9	-0.034	3.892	0	0	0	0	0	0	0	0	0	0	0	0	0	0	0	19.1	0	0	0	0	0	0	0	0	0	0	0	0	0	0	0	0	0	0	0	0	0	0	0	0	0	0	0	0	0	0	0	0	0	0	
16/03/2022 11:11:00	0	0	6	15.02	15.02	1.2	2315	1109	3.894	3.8947	19	0	False	4.195	4.205	4.205	4.2	1.2776	0	3.922	3.933	74	-0.034	3.894	0	0	0	0	0	0	0	0	0	0	0	0	0	0	0	19	0	0	0	0	0	0	0	0	0	0	0	0	0	0	0	0	0	0	0	0	0	0	0	0	0	0	0	0	0	0	0	0	0	0	
16/03/2022 11:11:10	0	0	6	15.02	15.02	1.2	2315	1119	3.897	3.8972	19.1	0	False	4.191667	4.181667	4.166667	4.2	1.2892	0	3.933	3.933	74.2	-0.034	3.897	0	0	0	0	0	0	0	0	0	0	0	0	0	0	0	19.1	0	0	0	0	0	0	0	0	0	0	0	0	0	0	0	0	0	0	0	0	0	0	0	0	0	0	0	0	0	0	0	0	0	0	
16/03/2022 11:11:20	0	0	6	15.03	15.02	1.2	2317	1129	3.899	3.9003	19.1	0	False	4.2	4.215	4.235	4.2	1.3009	0	3.922	3.933	74.3	-0.034	3.899	0	0	0	0	0	0	0	0	0	0	0	0	0	0	0	19.1	0	0	0	0	0	0	0	0	0	0	0	0	0	0	0	0	0	0	0	0	0	0	0	0	0	0	0	0	0	0	0	0	0	0	
16/03/2022 11:11:30	0	0	6	15.03	15.02	1.2	2317	1139	3.902	3.9024	19	0	False	4.205	4.205	4.205	4.2	1.3125	0	3.945	3.934	74.3	-0.034	3.902	0	0	0	0	0	0	0	0	0	0	0	0	0	0	0	19	0	0	0	0	0	0	0	0	0	0	0	0	0	0	0	0	0	0	0	0	0	0	0	0	0	0	0	0	0	0	0	0	0	0	
16/03/2022 11:11:40	0	0	6	15.03	15.02	1.2	2319	1149	3.904	3.9047	19.1	0	False	4.196667	4.181667	4.185	4.2	1.3242	0	3.933	3.943	74.6	-0.034	3.904	0	0	0	0	0	0	0	0	0	0	0	0	0	0	0	19.1	0	0	0	0	0	0	0	0	0	0	0	0	0	0	0	0	0	0	0	0	0	0	0	0	0	0	0	0	0	0	0	0	0	0	
16/03/2022 11:11:50	0	0	6	15.02	15.02	1.2	2319	1159	3.907	3.9072	18.9	0	False	4.196667	4.201667	4.116667	4.2	1.3359	0	3.933	3.945	74.6	-0.023	3.907	0	0	0	0	0	0	0	0	0	0	0	0	0	0	0	18.9	0	0	0	0	0	0	0	0	0	0	0	0	0	0	0	0	0	0	0	0	0	0	0	0	0	0	0	0	0	0	0	0	0	0	
16/03/2022 11:12:00	0	0	6	15.02	15.02	1.2	2321	1169	3.909	3.9097	18.9	0	False	4.196667	4.188334	4.211667	4.2	1.3475	0	3.945	3.945	74.8	-0.034	3.909	0	0	0	0	0	0	0	0	0	0	0	0	0	0	0	18.9	0	0	0	0	0	0	0	0	0	0	0	0	0	0	0	0	0	0	0	0	0	0	0	0	0	0	0	0	0	0	0	0	0	0	
16/03/2022 11:12:10	0	0	6	15.02	15.02	1.2	2323	1179	3.912	3.9122	18.9	0	False	4.191667	4.188334	4.311666	4.2	1.3591	0	3.945	3.945	74.9	-0.034	3.912	0	0	0	0	0	0	0	0	0	0	0	0	0	0	0	18.9	0	0	0	0	0	0	0	0	0	0	0	0	0	0	0	0	0	0	0	0	0	0	0	0	0	0	0	0	0	0	0	0	0	0	
16/03/2022 11:12:20	0	0	6	15.03	15.02	1.2	2323	1189	3.914	3.915	18.8	0	False	4.185	4.191667	4.116667	4.2	1.3707	0	3.945	3.946	75	-0.034	3.914	0	0	0	0	0	0	0	0	0	0	0	0	0	0	0	18.8	0	0	0	0	0	0	0	0	0	0	0	0	0	0	0	0	0	0	0	0	0	0	0	0	0	0	0	0	0	0	0	0	0	0	
16/03/2022 11:12:30	0	0	6	15.03	15.02	1.2	2323	1199	3.917	3.9172	18.9	0	False	4.191667	4.205	4.216667	4.2	1.3824	0	3.956	3.956	75.1	-0.034	3.917	0	0	0	0	0	0	0	0	0	0	0	0	0	0	0	18.9	0	0	0	0	0	0	0	0	0	0	0	0	0	0	0	0	0	0	0	0	0	0	0	0	0	0	0	0	0	0	0	0	0	0	
16/03/2022 11:12:40	0	0	6	15.03	15.03	1.2	2327	1209	3.919	3.9197	18.8	0	False	4.19	4.185	4.185	4.2	1.3941	0	3.945	3.956	75.3	-0.023	3.919	0	0	0	0	0	0	0	0	0	0	0	0	0	0	0	18.8	0	0	0	0	0	0	0	0	0	0	0	0	0	0	0	0	0	0	0	0	0	0	0	0	0	0	0	0	0	0	0	0	0	0	
16/03/2022 11:12:50	0	0	6	15.03	15.02	1.2	2329	1219	3.922	3.9222	19	0	False	4.198333	4.206666	4.151667	4.2	1.4058	0	3.956	3.956	75.4	-0.034	3.922	0	0	0	0	0	0	0	0	0	0	0	0	0	0	0	19	0	0	0	0	0	0	0	0	0	0	0	0	0	0	0	0	0	0	0	0	0	0	0	0	0	0	0	0	0	0	0	0	0	0	
16/03/2022 11:13:00	0	0	6	15.02	15.02	1.2	2331	1229	3.924	3.9247	18.9	0	False	4.208333	4.21	4.205	4.2	1.4174	0	3.956	3.956	75.5	-0.023	3.924	0	0	0	0	0	0	0	0	0	0	0	0	0	0	0	18.9	0	0	0	0	0	0	0	0	0	0	0	0	0	0	0	0	0	0	0	0	0	0	0	0	0	0	0	0	0	0	0	0	0	0	
16/03/2022 11:13:10	0	0	6	15.02	15.03	1.2	2329	1237	3.926	3.9264	18.8	0	False	4.2	4.19	4.173333	4.2	1.4267	0	3.956	3.957	75.6	-0.023	3.926	0	0	0	0	0	0	0	0	0	0	0	0	0	0	0	18.8	0	0	0	0	0	0	0	0	0	0	0	0	0	0	0	0	0	0	0	0	0	0	0	0	0	0	0	0	0	0	0	0	0	0	
16/03/2022 11:13:20	0	0	6	15.02	15.02	1.2	2331	1248	3.928	3.9292	18.8	0	False	4.191667	4.171667	4.151667	4.2	1.4396	0	3.956	3.963	75.7	-0.034	3.928	0	0	0	0	0	0	0	0	0	0	0	0	0	0	0	18.8	0	0	0	0	0	0	0	0	0	0	0	0	0	0	0	0	0	0	0	0	0	0	0	0	0	0	0	0	0	0	0	0	0	0	
16/03/2022 11:13:30	0	0	6	15.02	15.02	1.2	2335	1258	3.93	3.931	18.9	0	False	4.191667	4.203333	4.223333	4.2	1.4512	0	3.956	3.968	75.8	-0.034	3.93	0	0	0	0	0	0	0	0	0	0	0	0	0	0	0	18.9	0	0	0	0	0	0	0	0	0	0	0	0	0	0	0	0	0	0	0	0	0	0	0	0	0	0	0	0	0	0	0	0	0	0	
16/03/2022 11:13:40	0	0	6	15.02	15.02	1.2	2335	1268	3.933	3.9335	18.8	0	False	4.198333	4.186666	4.173333	4.2	1.4629	0	3.968	3.968	76	-0.034	3.933	0	0	0	0	0	0	0	0	0	0	0	0	0	0	0	18.8	0	0	0	0	0	0	0	0	0	0	0	0	0	0	0	0	0	0	0	0	0	0	0	0	0	0	0	0	0	0	0	0	0	0	
16/03/2022 11:13:50	0	0	6	15.02	15.03	1.2	2335	1278	3.935	3.936	18.8	0	False	4.193333	4.2	4.14	4.2	1.4745	0	3.968	3.968	76.1	-0.034	3.935	0	0	0	0	0	0	0	0	0	0	0	0	0	0	0	18.8	0	0	0	0	0	0	0	0	0	0	0	0	0	0	0	0	0	0	0	0	0	0	0	0	0	0	0	0	0	0	0	0	0	0	
16/03/2022 11:14:00	0	0	6	15.03	15.02	1.2	2335	1288	3.938	3.9385	18.8	0	False	4.196667	4.193333	4.12	4.2	1.4862	0	3.968	3.974	76.1	-0.034	3.938	0	0	0	0	0	0	0	0	0	0	0	0	0	0	0	18.8	0	0	0	0	0	0	0	0	0	0	0	0	0	0	0	0	0	0	0	0	0	0	0	0	0	0	0	0	0	0	0	0	0	0	
16/03/2022 11:14:10	0	0	6	15.03	15.02	1.2	2339	1298	3.939	3.94	18.8	0	False	4.206666	4.196667	4.19	4.2	1.4979	0	3.968	3.979	76.2	-0.034	3.939	0	0	0	0	0	0	0	0	0	0	0	0	0	0	0	18.8	0	0	0	0	0	0	0	0	0	0	0	0	0	0	0	0	0	0	0	0	0	0	0	0	0	0	0	0	0	0	0	0	0	0	
16/03/2022 11:14:20	0	0	6	15.03	15.02	1.2	2339	1308	3.942	3.9425	18.7	0	False	4.19	4.195	4.151667	4.2	1.5095	0	3.979	3.979	76.4	-0.034	3.942	0	0	0	0	0	0	0	0	0	0	0	0	0	0	0	18.7	0	0	0	0	0	0	0	0	0	0	0	0	0	0	0	0	0	0	0	0	0	0	0	0	0	0	0	0	0	0	0	0	0	0	
16/03/2022 11:14:30	0	0	6	15.03	15.02	1.2	2339	1318	3.945	3.946	18.8	0	False	4.193333	4.196667	4.151667	4.2	1.5212	0	3.979	3.98	76.6	-0.034	3.945	0	0	0	0	0	0	0	0	0	0	0	0	0	0	0	18.8	0	0	0	0	0	0	0	0	0	0	0	0	0	0	0	0	0	0	0	0	0	0	0	0	0	0	0	0	0	0	0	0	0	0	
16/03/2022 11:14:40	0	0	6	15.03	15.02	1.2	2341	1328	3.947	3.9483	18.6	0	False	4.2	4.196667	4.125	4.2	1.5328	0	3.979	3.981	76.7	-0.034	3.947	0	0	0	0	0	0	0	0	0	0	0	0	0	0	0	18.6	0	0	0	0	0	0	0	0	0	0	0	0	0	0	0	0	0	0	0	0	0	0	0	0	0	0	0	0	0	0	0	0	0	0	
16/03/2022 11:14:50	0	0	6	15.03	15.02	1.2	2343	1338	3.949	3.9499	18.5	0	False	4.191667	4.191667	4.178333	4.2	1.5444	0	3.979	3.991	76.8	-0.046	3.949	0	0	0	0	0	0	0	0	0	0	0	0	0	0	0	18.5	0	0	0	0	0	0	0	0	0	0	0	0	0	0	0	0	0	0	0	0	0	0	0	0	0	0	0	0	0	0	0	0	0	0	
16/03/2022 11:15:00	0	0	6	15.02	15.02	1.2	2343	1348	3.952	3.9522	18.5	0	False	4.188334	4.206666	4.128334	4.2	1.5561	0	3.991	3.991	76.8	-0.034	3.952	0	0	0	0	0	0	0	0	0	0	0	0	0	0	0	18.5	0	0	0	0	0	0	0	0	0	0	0	0	0	0	0	0	0	0	0	0	0	0	0	0	0	0	0	0	0	0	0	0	0	0	
16/03/2022 11:15:10	0	0	6	15.03	15.02	1.2	2345	1358	3.954	3.9547	18.5	0	False	4.195	4.21	4.245	4.2	1.5678	0	3.979	3.991	77	-0.034	3.954	0	0	0	0	0	0	0	0	0	0	0	0	0	0	0	18.5	0	0	0	0	0	0	0	0	0	0	0	0	0	0	0	0	0	0	0	0	0	0	0	0	0	0	0	0	0	0	0	0	0	0	
16/03/2022 11:15:20	0	0	6	15.03	15.02	1.2	2345	1368	3.955	3.956	18.4	0	False	4.198333	4.203333	4.191667	4.2	1.5794	0	3.991	3.991	77.1	-0.034	3.955	0	0	0	0	0	0	0	0	0	0	0	0	0	0	0	18.4	0	0	0	0	0	0	0	0	0	0	0	0	0	0	0	0	0	0	0	0	0	0	0	0	0	0	0	0	0	0	0	0	0	0	
16/03/2022 11:15:30	0	0	6	15.02	15.02	1.3	2349	1378	3.958	3.9585	18.3	0	False	4.188334	4.173333	4.266667	4.2	1.591	0	3.991	3.991	77.2	-0.034	3.958	0	0	0	0	0	0	0	0	0	0	0	0	0	0	0	18.3	0	0	0	0	0	0	0	0	0	0	0	0	0	0	0	0	0	0	0	0	0	0	0	0	0	0	0	0	0	0	0	0	0	0	
16/03/2022 11:15:40	0	0	6	15.03	15.02	1.2	2349	1388	3.96	3.961	18.4	0	False	4.188334	4.183333	4.228333	4.2	1.6027	0	3.991	3.994	77.3	-0.034	3.96	0	0	0	0	0	0	0	0	0	0	0	0	0	0	0	18.4	0	0	0	0	0	0	0	0	0	0	0	0	0	0	0	0	0	0	0	0	0	0	0	0	0	0	0	0	0	0	0	0	0	0	
16/03/2022 11:15:50	0	0	6	15.02	15.02	1.2	2347	1398	3.962	3.9622	18.3	0	False	4.198333	4.2	4.113333	4.2	1.6144	0	4.002	4.002	77.3	-0.046	3.962	0	0	0	0	0	0	0	0	0	0	0	0	0	0	0	18.3	0	0	0	0	0	0	0	0	0	0	0	0	0	0	0	0	0	0	0	0	0	0	0	0	0	0	0	0	0	0	0	0	0	0	
16/03/2022 11:16:00	0	0	6	15.02	15.02	1.3	2353	1408	3.964	3.9647	18.4	0	False	4.19	4.18	4.168334	4.2	1.626	0	3.991	4.002	77.5	-0.046	3.964	0	0	0	0	0	0	0	0	0	0	0	0	0	0	0	18.4	0	0	0	0	0	0	0	0	0	0	0	0	0	0	0	0	0	0	0	0	0	0	0	0	0	0	0	0	0	0	0	0	0	0	
16/03/2022 11:16:10	0	0	6	15.03	15.02	1.2	2353	1418	3.966	3.9672	18.3	0	False	4.185	4.178333	4.128334	4.2	1.6377	0	4.002	4.002	77.6	-0.034	3.966	0	0	0	0	0	0	0	0	0	0	0	0	0	0	0	18.3	0	0	0	0	0	0	0	0	0	0	0	0	0	0	0	0	0	0	0	0	0	0	0	0	0	0	0	0	0	0	0	0	0	0	
16/03/2022 11:16:20	0	0	6	15.03	15.02	1.2	2353	1428	3.968	3.9685	18.1	0	False	4.188334	4.201667	4.223333	4.2	1.6493	0	4.002	4.002	77.7	-0.034	3.968	0	0	0	0	0	0	0	0	0	0	0	0	0	0	0	18.1	0	0	0	0	0	0	0	0	0	0	0	0	0	0	0	0	0	0	0	0	0	0	0	0	0	0	0	0	0	0	0	0	0	0	
16/03/2022 11:16:30	0	0	6	15.03	15.02	1.2	2355	1437	3.97	3.971	18.3	0	False	4.191667	4.186666	4.2	4.2	1.6598	0	4.002	4.003	77.8	-0.034	3.97	0	0	0	0	0	0	0	0	0	0	0	0	0	0	0	18.3	0	0	0	0	0	0	0	0	0	0	0	0	0	0	0	0	0	0	0	0	0	0	0	0	0	0	0	0	0	0	0	0	0	0	
16/03/2022 11:16:40	0	0	6	15.02	15.02	1.2	2355	1447	3.972	3.9735	18.3	0	False	4.19	4.206666	4.143333	4.2	1.6715	0	4.002	4.009	77.8	-0.034	3.972	0	0	0	0	0	0	0	0	0	0	0	0	0	0	0	18.3	0	0	0	0	0	0	0	0	0	0	0	0	0	0	0	0	0	0	0	0	0	0	0	0	0	0	0	0	0	0	0	0	0	0	
16/03/2022 11:16:50	0	0	6	15.03	15.02	1.2	2357	1457	3.974	3.9755	18.2	0	False	4.19	4.201667	4.223333	4.2	1.6831	0	4.002	4.014	78.1	-0.034	3.974	0	0	0	0	0	0	0	0	0	0	0	0	0	0	0	18.2	0	0	0	0	0	0	0	0	0	0	0	0	0	0	0	0	0	0	0	0	0	0	0	0	0	0	0	0	0	0	0	0	0	0	
16/03/2022 11:17:00	0	0	6	15.02	15.02	1.2	2357	1467	3.977	3.9772	18.3	0	False	4.201667	4.201667	4.223333	4.2	1.6948	0	4.002	4.014	78.2	-0.023	3.977	0	0	0	0	0	0	0	0	0	0	0	0	0	0	0	18.3	0	0	0	0	0	0	0	0	0	0	0	0	0	0	0	0	0	0	0	0	0	0	0	0	0	0	0	0	0	0	0	0	0	0	
16/03/2022 11:17:10	0	0	6	15.02	15.02	1.2	2359	1477	3.979	3.9797	18.2	0	False	4.201667	4.226666	4.178333	4.2	1.7064	0	4.014	4.014	78.2	-0.023	3.979	0	0	0	0	0	0	0	0	0	0	0	0	0	0	0	18.2	0	0	0	0	0	0	0	0	0	0	0	0	0	0	0	0	0	0	0	0	0	0	0	0	0	0	0	0	0	0	0	0	0	0	
16/03/2022 11:17:20	0	0	6	15.03	15.02	1.2	2359	1487	3.982	3.9822	18.2	0	False	4.211667	4.21	4.133333	4.2	1.7181	0	4.014	4.014	78.3	-0.034	3.982	0	0	0	0	0	0	0	0	0	0	0	0	0	0	0	18.2	0	0	0	0	0	0	0	0	0	0	0	0	0	0	0	0	0	0	0	0	0	0	0	0	0	0	0	0	0	0	0	0	0	0	
16/03/2022 11:17:30	0	0	6	15.03	15.02	1.2	2363	1497	3.984	3.9847	18.3	0	False	4.206666	4.193333	4.178333	4.2	1.7298	0	4.025	4.018	78.5	-0.034	3.984	0	0	0	0	0	0	0	0	0	0	0	0	0	0	0	18.3	0	0	0	0	0	0	0	0	0	0	0	0	0	0	0	0	0	0	0	0	0	0	0	0	0	0	0	0	0	0	0	0	0	0	
16/03/2022 11:17:40	0	0	6	15.03	15.02	1.2	2363	1507	3.986	3.9872	18.3	0	False	4.196667	4.186666	4.151667	4.2	1.7414	0	4.025	4.025	78.6	-0.034	3.986	0	0	0	0	0	0	0	0	0	0	0	0	0	0	0	18.3	0	0	0	0	0	0	0	0	0	0	0	0	0	0	0	0	0	0	0	0	0	0	0	0	0	0	0	0	0	0	0	0	0	0	
16/03/2022 11:17:50	0	0	6	15.02	15.02	1.2	2365	1517	3.988	3.9894	18.3	0	False	4.196667	4.208333	4.211667	4.2	1.7531	0	4.025	4.025	78.7	-0.034	3.988	0	0	0	0	0	0	0	0	0	0	0	0	0	0	0	18.3	0	0	0	0	0	0	0	0	0	0	0	0	0	0	0	0	0	0	0	0	0	0	0	0	0	0	0	0	0	0	0	0	0	0	
16/03/2022 11:18:00	0	0	6	15.03	15.02	1.2	2367	1527	3.99	3.9913	18.3	0	False	4.198333	4.188334	4.181667	4.2	1.7647	0	4.025	4.025	78.8	-0.034	3.99	0	0	0	0	0	0	0	0	0	0	0	0	0	0	0	18.3	0	0	0	0	0	0	0	0	0	0	0	0	0	0	0	0	0	0	0	0	0	0	0	0	0	0	0	0	0	0	0	0	0	0	
16/03/2022 11:18:10	0	0	6	15.03	15.02	1.3	2369	1537	3.994	3.9947	18.3	0	False	4.188334	4.191667	4.266667	4.2	1.7764	0	4.037	4.032	79	-0.034	3.994	0	0	0	0	0	0	0	0	0	0	0	0	0	0	0	18.3	0	0	0	0	0	0	0	0	0	0	0	0	0	0	0	0	0	0	0	0	0	0	0	0	0	0	0	0	0	0	0	0	0	0	
16/03/2022 11:18:20	0	0	6	15.03	15.02	1.3	2369	1547	3.997	3.9972	18.2	0	False	4.191667	4.213333	4.25	4.2	1.788	0	4.037	4.037	79.1	-0.046	3.997	0	0	0	0	0	0	0	0	0	0	0	0	0	0	0	18.2	0	0	0	0	0	0	0	0	0	0	0	0	0	0	0	0	0	0	0	0	0	0	0	0	0	0	0	0	0	0	0	0	0	0	
16/03/2022 11:18:30	0	0	6	15.03	15.02	1.2	2371	1557	3.999	3.9997	18.3	0	False	4.2	4.185	4.185	4.2	1.7998	0	4.037	4.037	79.2	-0.034	3.999	0	0	0	0	0	0	0	0	0	0	0	0	0	0	0	18.3	0	0	0	0	0	0	0	0	0	0	0	0	0	0	0	0	0	0	0	0	0	0	0	0	0	0	0	0	0	0	0	0	0	0	
16/03/2022 11:18:40	0	0	6	15.03	15.02	1.2	2371	1567	4.002	4.0022	18.3	0	False	4.193333	4.21	4.155	4.2	1.8114	0	4.037	4.037	79.3	-0.034	4.002	0	0	0	0	0	0	0	0	0	0	0	0	0	0	0	18.3	0	0	0	0	0	0	0	0	0	0	0	0	0	0	0	0	0	0	0	0	0	0	0	0	0	0	0	0	0	0	0	0	0	0	
16/03/2022 11:18:50	0	0	6	15.03	15.02	1.2	2373	1577	4.005	4.006	18.3	0	False	4.2	4.208333	4.096667	4.2	1.8231	0	4.037	4.048	79.5	-0.046	4.005	0	0	0	0	0	0	0	0	0	0	0	0	0	0	0	18.3	0	0	0	0	0	0	0	0	0	0	0	0	0	0	0	0	0	0	0	0	0	0	0	0	0	0	0	0	0	0	0	0	0	0	
16/03/2022 11:19:00	0	0	6	15.03	15.02	1.2	2375	1587	4.008	4.0085	18.5	0	False	4.191667	4.173333	4.155	4.2	1.8348	0	4.048	4.048	79.7	-0.046	4.008	0	0	0	0	0	0	0	0	0	0	0	0	0	0	0	18.5	0	0	0	0	0	0	0	0	0	0	0	0	0	0	0	0	0	0	0	0	0	0	0	0	0	0	0	0	0	0	0	0	0	0	
16/03/2022 11:19:10	0	0	6	15.03	15.02	1.3	2377	1597	4.01	4.0111	18.6	0	False	4.185	4.171667	4.135	4.2	1.8464	0	4.048	4.048	79.8	-0.034	4.01	0	0	0	0	0	0	0	0	0	0	0	0	0	0	0	18.6	0	0	0	0	0	0	0	0	0	0	0	0	0	0	0	0	0	0	0	0	0	0	0	0	0	0	0	0	0	0	0	0	0	0	
16/03/2022 11:19:20	0	0	6	15.03	15.02	1.2	2379	1606	4.014	4.0147	18.5	0	False	4.2	4.185	4.185	4.2	1.8569	0	4.048	4.048	80	-0.034	4.014	0	0	0	0	0	0	0	0	0	0	0	0	0	0	0	18.5	0	0	0	0	0	0	0	0	0	0	0	0	0	0	0	0	0	0	0	0	0	0	0	0	0	0	0	0	0	0	0	0	0	0	
16/03/2022 11:19:30	0	0	6	15.02	15.02	1.3	2381	1616	4.017	4.0174	18.5	0	False	4.19	4.211667	4.258333	4.2	1.8685	0	4.048	4.06	80.4	-0.034	4.017	0	0	0	0	0	0	0	0	0	0	0	0	0	0	0	18.5	0	0	0	0	0	0	0	0	0	0	0	0	0	0	0	0	0	0	0	0	0	0	0	0	0	0	0	0	0	0	0	0	0	0	
16/03/2022 11:19:40	0	0	6	15.03	15.02	1.2	2383	1625	4.019	4.0204	18.6	0	False	4.195	4.203333	4.2	4.2	1.879	0	4.048	4.06	80.5	-0.034	4.019	0	0	0	0	0	0	0	0	0	0	0	0	0	0	0	18.6	0	0	0	0	0	0	0	0	0	0	0	0	0	0	0	0	0	0	0	0	0	0	0	0	0	0	0	0	0	0	0	0	0	0	
16/03/2022 11:19:50	0	0	6	15.03	15.02	1.3	2385	1636	4.023	4.0238	18.6	0	False	4.193333	4.208333	4.25	4.2	1.8918	0	4.06	4.06	81.1	-0.034	4.023	0	0	0	0	0	0	0	0	0	0	0	0	0	0	0	18.6	0	0	0	0	0	0	0	0	0	0	0	0	0	0	0	0	0	0	0	0	0	0	0	0	0	0	0	0	0	0	0	0	0	0	
16/03/2022 11:20:00	0	0	6	15.03	15.02	1.2	2385	1646	4.027	4.0272	18.5	0	False	4.193333	4.208333	4.223333	4.2	1.9035	0	4.06	4.061	81.3	-0.034	4.027	0	0	0	0	0	0	0	0	0	0	0	0	0	0	0	18.5	0	0	0	0	0	0	0	0	0	0	0	0	0	0	0	0	0	0	0	0	0	0	0	0	0	0	0	0	0	0	0	0	0	0	
16/03/2022 11:20:10	0	0	6	15.02	15.02	1.2	2387	1656	4.03	4.031	18.6	0	False	4.193333	4.191667	4.163333	4.2	1.9152	0	4.06	4.071	81.6	-0.046	4.03	0	0	0	0	0	0	0	0	0	0	0	0	0	0	0	18.6	0	0	0	0	0	0	0	0	0	0	0	0	0	0	0	0	0	0	0	0	0	0	0	0	0	0	0	0	0	0	0	0	0	0	
16/03/2022 11:20:20	0	0	6	15.03	15.03	1.3	2389	1666	4.033	4.0343	18.6	0	False	4.193333	4.211667	4.211667	4.2	1.9268	0	4.071	4.071	82	-0.034	4.033	0	0	0	0	0	0	0	0	0	0	0	0	0	0	0	18.6	0	0	0	0	0	0	0	0	0	0	0	0	0	0	0	0	0	0	0	0	0	0	0	0	0	0	0	0	0	0	0	0	0	0	
16/03/2022 11:20:30	0	0	6	15.03	15.02	1.2	2391	1676	4.037	4.0374	18.5	0	False	4.195	4.191667	4.161667	4.2	1.9385	0	4.071	4.071	82.3	-0.034	4.037	0	0	0	0	0	0	0	0	0	0	0	0	0	0	0	18.5	0	0	0	0	0	0	0	0	0	0	0	0	0	0	0	0	0	0	0	0	0	0	0	0	0	0	0	0	0	0	0	0	0	0	
16/03/2022 11:20:40	0	0	6	15.03	15.02	1.3	2393	1686	4.04	4.041	18.5	0	False	4.198333	4.216667	4.25	4.2	1.9501	0	4.071	4.075	82.6	-0.034	4.04	0	0	0	0	0	0	0	0	0	0	0	0	0	0	0	18.5	0	0	0	0	0	0	0	0	0	0	0	0	0	0	0	0	0	0	0	0	0	0	0	0	0	0	0	0	0	0	0	0	0	0	
16/03/2022 11:20:50	0	0	6	15.02	15.02	1.3	2393	1696	4.044	4.0447	18.4	0	False	4.196667	4.196667	4.201667	4.2	1.9618	0	4.082	4.082	83.1	-0.034	4.044	0	0	0	0	0	0	0	0	0	0	0	0	0	0	0	18.4	0	0	0	0	0	0	0	0	0	0	0	0	0	0	0	0	0	0	0	0	0	0	0	0	0	0	0	0	0	0	0	0	0	0	
16/03/2022 11:21:00	0	0	6	15.02	15.02	1.3	2399	1706	4.047	4.0485	18.5	0	False	4.193333	4.181667	4.223333	4.2	1.9735	0	4.082	4.082	83.4	-0.034	4.047	0	0	0	0	0	0	0	0	0	0	0	0	0	0	0	18.5	0	0	0	0	0	0	0	0	0	0	0	0	0	0	0	0	0	0	0	0	0	0	0	0	0	0	0	0	0	0	0	0	0	0	
16/03/2022 11:21:10	0	0	6	15.03	15.02	1.3	2397	1716	4.051	4.0522	18.5	0	False	4.195	4.188334	4.3	4.2	1.9851	0	4.094	4.088	83.8	-0.034	4.051	0	0	0	0	0	0	0	0	0	0	0	0	0	0	0	18.5	0	0	0	0	0	0	0	0	0	0	0	0	0	0	0	0	0	0	0	0	0	0	0	0	0	0	0	0	0	0	0	0	0	0	
16/03/2022 11:21:20	0	0	6	15.02	15.02	1.2	2399	1724	4.054	4.0549	18.5	0	False	4.188334	4.193333	4.151667	4.2	1.9944	0	4.082	4.094	84.1	-0.046	4.054	0	0	0	0	0	0	0	0	0	0	0	0	0	0	0	18.5	0	0	0	0	0	0	0	0	0	0	0	0	0	0	0	0	0	0	0	0	0	0	0	0	0	0	0	0	0	0	0	0	0	0	
16/03/2022 11:21:30	0	0	6	15.03	15.02	1.3	2401	1736	4.059	4.0597	18.4	0	False	4.191667	4.198333	4.301667	4.2	2.0084	0	4.094	4.095	84.6	-0.034	4.059	0	0	0	0	0	0	0	0	0	0	0	0	0	0	0	18.4	0	0	0	0	0	0	0	0	0	0	0	0	0	0	0	0	0	0	0	0	0	0	0	0	0	0	0	0	0	0	0	0	0	0	
16/03/2022 11:21:40	0	0	6	15.02	15.02	1.2	2403	1746	4.063	4.0635	18.4	0	False	4.195	4.215	4.135	4.2	2.0201	0	4.105	4.105	85	-0.046	4.063	0	0	0	0	0	0	0	0	0	0	0	0	0	0	0	18.4	0	0	0	0	0	0	0	0	0	0	0	0	0	0	0	0	0	0	0	0	0	0	0	0	0	0	0	0	0	0	0	0	0	0	
16/03/2022 11:21:50	0	0	6	15.03	15.02	1.3	2409	1756	4.067	4.0672	18.5	0	False	4.198333	4.18	4.2	4.2	2.0318	0	4.105	4.105	85.5	-0.034	4.067	0	0	0	0	0	0	0	0	0	0	0	0	0	0	0	18.5	0	0	0	0	0	0	0	0	0	0	0	0	0	0	0	0	0	0	0	0	0	0	0	0	0	0	0	0	0	0	0	0	0	0	
16/03/2022 11:22:00	0	0	6	15.03	15.02	1.3	2407	1766	4.07	4.071	18.4	0	False	4.195	4.213333	4.25	4.2	2.0434	0	4.105	4.105	85.7	-0.034	4.07	0	0	0	0	0	0	0	0	0	0	0	0	0	0	0	18.4	0	0	0	0	0	0	0	0	0	0	0	0	0	0	0	0	0	0	0	0	0	0	0	0	0	0	0	0	0	0	0	0	0	0	
16/03/2022 11:22:10	0	0	6	15.03	15.02	1.3	2409	1776	4.074	4.0747	18.5	0	False	4.195	4.195	4.16	4.2	2.055	0	4.105	4.114	86.2	-0.034	4.074	0	0	0	0	0	0	0	0	0	0	0	0	0	0	0	18.5	0	0	0	0	0	0	0	0	0	0	0	0	0	0	0	0	0	0	0	0	0	0	0	0	0	0	0	0	0	0	0	0	0	0	
16/03/2022 11:22:20	0	0	6	15.03	15.02	1.3	2413	1785	4.078	4.0785	18.4	0	False	4.191667	4.196667	4.223333	4.2	2.0655	0	4.105	4.117	86.5	-0.034	4.078	0	0	0	0	0	0	0	0	0	0	0	0	0	0	0	18.4	0	0	0	0	0	0	0	0	0	0	0	0	0	0	0	0	0	0	0	0	0	0	0	0	0	0	0	0	0	0	0	0	0	0	
16/03/2022 11:22:30	0	0	6	15.03	15.02	1.3	2415	1795	4.083	4.0835	18.4	0	False	4.195	4.18	4.2	4.2	2.0772	0	4.117	4.117	86.9	-0.034	4.083	0	0	0	0	0	0	0	0	0	0	0	0	0	0	0	18.4	0	0	0	0	0	0	0	0	0	0	0	0	0	0	0	0	0	0	0	0	0	0	0	0	0	0	0	0	0	0	0	0	0	0	
16/03/2022 11:22:40	0	0	6	15.03	15.03	1.3	2417	1805	4.087	4.0872	18.3	0	False	4.191667	4.205	4.25	4.2	2.0888	0	4.128	4.125	87.4	-0.034	4.087	0	0	0	0	0	0	0	0	0	0	0	0	0	0	0	18.3	0	0	0	0	0	0	0	0	0	0	0	0	0	0	0	0	0	0	0	0	0	0	0	0	0	0	0	0	0	0	0	0	0	0	
16/03/2022 11:22:50	0	0	6	15.03	15.02	1.3	2419	1814	4.089	4.0899	18.1	0	False	4.196667	4.185	4.173333	4.2	2.0993	0	4.128	4.128	87.7	-0.046	4.089	0	0	0	0	0	0	0	0	0	0	0	0	0	0	0	18.1	0	0	0	0	0	0	0	0	0	0	0	0	0	0	0	0	0	0	0	0	0	0	0	0	0	0	0	0	0	0	0	0	0	0	
16/03/2022 11:23:00	0	0	6	15.03	15.02	1.3	2421	1825	4.093	4.0943	18.1	0	False	4.188334	4.206666	4.211667	4.2	2.1121	0	4.128	4.128	88	-0.034	4.093	0	0	0	0	0	0	0	0	0	0	0	0	0	0	0	18.1	0	0	0	0	0	0	0	0	0	0	0	0	0	0	0	0	0	0	0	0	0	0	0	0	0	0	0	0	0	0	0	0	0	0	
16/03/2022 11:23:10	0	0	6	15.03	15.03	1.3	2421	1835	4.097	4.0977	18.2	0	False	4.195	4.181667	4.178333	4.2	2.1238	0	4.14	4.134	88.5	-0.034	4.097	0	0	0	0	0	0	0	0	0	0	0	0	0	0	0	18.2	0	0	0	0	0	0	0	0	0	0	0	0	0	0	0	0	0	0	0	0	0	0	0	0	0	0	0	0	0	0	0	0	0	0	
16/03/2022 11:23:20	0	0	6	15.03	15.03	1.3	2425	1845	4.1	4.101	18.2	0	False	4.188334	4.198333	4.228333	4.2	2.1355	0	4.14	4.14	88.8	-0.034	4.1	0	0	0	0	0	0	0	0	0	0	0	0	0	0	0	18.2	0	0	0	0	0	0	0	0	0	0	0	0	0	0	0	0	0	0	0	0	0	0	0	0	0	0	0	0	0	0	0	0	0	0	
16/03/2022 11:23:30	0	0	6	15.03	15.02	1.3	2425	1855	4.104	4.1048	18.2	0	False	4.195	4.195	4.193333	4.2	2.1471	0	4.14	4.14	89.3	-0.034	4.104	0	0	0	0	0	0	0	0	0	0	0	0	0	0	0	18.2	0	0	0	0	0	0	0	0	0	0	0	0	0	0	0	0	0	0	0	0	0	0	0	0	0	0	0	0	0	0	0	0	0	0	
16/03/2022 11:23:40	0	0	6	15.03	15.03	1.3	2427	1865	4.107	4.1083	18.1	0	False	4.193333	4.201667	4.173333	4.2	2.1588	0	4.14	4.141	89.4	-0.034	4.107	0	0	0	0	0	0	0	0	0	0	0	0	0	0	0	18.1	0	0	0	0	0	0	0	0	0	0	0	0	0	0	0	0	0	0	0	0	0	0	0	0	0	0	0	0	0	0	0	0	0	0	
16/03/2022 11:23:50	0	0	6	15.02	15.03	1.3	2431	1875	4.11	4.1112	18.2	0	False	4.201667	4.198333	4.201667	4.2	2.1704	0	4.151	4.151	89.8	-0.034	4.11	0	0	0	0	0	0	0	0	0	0	0	0	0	0	0	18.2	0	0	0	0	0	0	0	0	0	0	0	0	0	0	0	0	0	0	0	0	0	0	0	0	0	0	0	0	0	0	0	0	0	0	
16/03/2022 11:24:00	0	0	6	15.03	15.02	1.3	2429	1885	4.114	4.1148	18.1	0	False	4.188334	4.198333	4.14	4.2	2.1821	0	4.151	4.151	90.2	-0.034	4.114	0	0	0	0	0	0	0	0	0	0	0	0	0	0	0	18.1	0	0	0	0	0	0	0	0	0	0	0	0	0	0	0	0	0	0	0	0	0	0	0	0	0	0	0	0	0	0	0	0	0	0	
16/03/2022 11:24:10	0	0	6	15.03	15.02	1.3	2433	1895	4.117	4.1177	18.2	0	False	4.188334	4.216667	4.216667	4.2	2.1937	0	4.151	4.151	90.4	-0.034	4.117	0	0	0	0	0	0	0	0	0	0	0	0	0	0	0	18.2	0	0	0	0	0	0	0	0	0	0	0	0	0	0	0	0	0	0	0	0	0	0	0	0	0	0	0	0	0	0	0	0	0	0	
16/03/2022 11:24:20	0	0	6	15.03	15.02	1.3	2435	1905	4.12	4.121	18.1	0	False	4.191667	4.183333	4.2	4.2	2.2054	0	4.151	4.163	90.6	-0.046	4.12	0	0	0	0	0	0	0	0	0	0	0	0	0	0	0	18.1	0	0	0	0	0	0	0	0	0	0	0	0	0	0	0	0	0	0	0	0	0	0	0	0	0	0	0	0	0	0	0	0	0	0	
16/03/2022 11:24:30	0	0	6	15.03	15.02	1.3	2437	1915	4.123	4.1235	18.2	0	False	4.185	4.186666	4.245	4.2	2.217	0	4.163	4.163	91.2	-0.046	4.123	0	0	0	0	0	0	0	0	0	0	0	0	0	0	0	18.2	0	0	0	0	0	0	0	0	0	0	0	0	0	0	0	0	0	0	0	0	0	0	0	0	0	0	0	0	0	0	0	0	0	0	
16/03/2022 11:24:40	0	0	6	15.03	15.02	1.3	2437	1925	4.125	4.1263	18.2	0	False	4.193333	4.201667	4.223333	4.2	2.2287	0	4.163	4.163	91.3	-0.034	4.125	0	0	0	0	0	0	0	0	0	0	0	0	0	0	0	18.2	0	0	0	0	0	0	0	0	0	0	0	0	0	0	0	0	0	0	0	0	0	0	0	0	0	0	0	0	0	0	0	0	0	0	
16/03/2022 11:24:50	0	0	6	15.03	15.02	1.3	2441	1935	4.128	4.1291	18	0	False	4.186666	4.183333	4.25	4.2	2.2403	0	4.151	4.165	91.6	-0.023	4.128	0	0	0	0	0	0	0	0	0	0	0	0	0	0	0	18	0	0	0	0	0	0	0	0	0	0	0	0	0	0	0	0	0	0	0	0	0	0	0	0	0	0	0	0	0	0	0	0	0	0	
16/03/2022 11:25:00	0	0	6	15.03	15.02	1.3	2441	1945	4.13	4.131	18.1	0	False	4.188334	4.18	4.223333	4.2	2.252	0	4.174	4.174	91.8	-0.034	4.13	0	0	0	0	0	0	0	0	0	0	0	0	0	0	0	18.1	0	0	0	0	0	0	0	0	0	0	0	0	0	0	0	0	0	0	0	0	0	0	0	0	0	0	0	0	0	0	0	0	0	0	
16/03/2022 11:25:10	0	0	6	15.03	15.02	1.3	2439	1955	4.133	4.1335	18.1	0	False	4.198333	4.206666	4.185	4.2	2.2637	0	4.174	4.174	92.2	-0.046	4.133	0	0	0	0	0	0	0	0	0	0	0	0	0	0	0	18.1	0	0	0	0	0	0	0	0	0	0	0	0	0	0	0	0	0	0	0	0	0	0	0	0	0	0	0	0	0	0	0	0	0	0	
16/03/2022 11:25:20	0	0	6	15.03	15.03	1.3	2445	1965	4.135	4.136	18.1	0	False	4.19	4.176667	4.14	4.2	2.2753	0	4.174	4.174	92.4	-0.034	4.135	0	0	0	0	0	0	0	0	0	0	0	0	0	0	0	18.1	0	0	0	0	0	0	0	0	0	0	0	0	0	0	0	0	0	0	0	0	0	0	0	0	0	0	0	0	0	0	0	0	0	0	
16/03/2022 11:25:30	0	0	6	15.03	15.02	1.3	2443	1975	4.137	4.1373	18	0	False	4.195	4.195	4.135	4.2	2.2869	0	4.174	4.174	92.5	-0.034	4.137	0	0	0	0	0	0	0	0	0	0	0	0	0	0	0	18	0	0	0	0	0	0	0	0	0	0	0	0	0	0	0	0	0	0	0	0	0	0	0	0	0	0	0	0	0	0	0	0	0	0	
16/03/2022 11:25:40	0	0	6	15.03	15.02	1.3	2443	1984	4.139	4.1398	18	0	False	4.196667	4.185	4.13	4.2	2.2974	0	4.174	4.174	92.6	-0.034	4.139	0	0	0	0	0	0	0	0	0	0	0	0	0	0	0	18	0	0	0	0	0	0	0	0	0	0	0	0	0	0	0	0	0	0	0	0	0	0	0	0	0	0	0	0	0	0	0	0	0	0	
16/03/2022 11:25:50	0	0	6	15.03	15.02	1.3	2445	1994	4.14	4.141	17.9	0	False	4.206666	4.193333	4.2	4.2	2.3091	0	4.174	4.182	92.7	-0.046	4.14	0	0	0	0	0	0	0	0	0	0	0	0	0	0	0	17.9	0	0	0	0	0	0	0	0	0	0	0	0	0	0	0	0	0	0	0	0	0	0	0	0	0	0	0	0	0	0	0	0	0	0	
16/03/2022 11:26:00	0	0	6	15.03	15.02	1.3	2447	2004	4.143	4.1435	17.9	0	False	4.191667	4.18	4.14	4.2	2.3207	0	4.174	4.186	93	-0.034	4.143	0	0	0	0	0	0	0	0	0	0	0	0	0	0	0	17.9	0	0	0	0	0	0	0	0	0	0	0	0	0	0	0	0	0	0	0	0	0	0	0	0	0	0	0	0	0	0	0	0	0	0	
16/03/2022 11:26:10	0	0	6	15.03	15.03	1.3	2449	2014	4.144	4.1448	18.2	0	False	4.188334	4.193333	4.266667	4.2	2.3323	0	4.174	4.186	93.3	-0.034	4.144	0	0	0	0	0	0	0	0	0	0	0	0	0	0	0	18.2	0	0	0	0	0	0	0	0	0	0	0	0	0	0	0	0	0	0	0	0	0	0	0	0	0	0	0	0	0	0	0	0	0	0	
16/03/2022 11:26:20	0	0	6	15.03	15.03	1.3	2449	2024	4.145	4.146	18.2	0	False	4.188334	4.201667	4.236667	4.2	2.3439	0	4.186	4.186	93.4	-0.046	4.145	0	0	0	0	0	0	0	0	0	0	0	0	0	0	0	18.2	0	0	0	0	0	0	0	0	0	0	0	0	0	0	0	0	0	0	0	0	0	0	0	0	0	0	0	0	0	0	0	0	0	0	
16/03/2022 11:26:30	0	0	6	15.03	15.03	1.3	2449	2034	4.147	4.1477	18.3	0	False	4.205	4.215	4.245	4.2	2.3557	0	4.186	4.186	93.4	-0.046	4.147	0	0	0	0	0	0	0	0	0	0	0	0	0	0	0	18.3	0	0	0	0	0	0	0	0	0	0	0	0	0	0	0	0	0	0	0	0	0	0	0	0	0	0	0	0	0	0	0	0	0	0	
16/03/2022 11:26:40	0	0	6	15.03	15.03	1.3	2449	2044	4.149	4.1498	18.3	0	False	4.201667	4.195	4.223333	4.2	2.3673	0	4.186	4.186	93.6	-0.034	4.149	0	0	0	0	0	0	0	0	0	0	0	0	0	0	0	18.3	0	0	0	0	0	0	0	0	0	0	0	0	0	0	0	0	0	0	0	0	0	0	0	0	0	0	0	0	0	0	0	0	0	0	
16/03/2022 11:26:50	0	0	6	15.03	15.02	1.3	2451	2054	4.149	4.1502	18.2	0	False	4.185	4.166667	4.155	4.2	2.379	0	4.186	4.187	93.7	-0.034	4.149	0	0	0	0	0	0	0	0	0	0	0	0	0	0	0	18.2	0	0	0	0	0	0	0	0	0	0	0	0	0	0	0	0	0	0	0	0	0	0	0	0	0	0	0	0	0	0	0	0	0	0	
16/03/2022 11:27:00	0	0	6	15.03	15.03	1.3	2451	2064	4.152	4.1523	18.2	0	False	4.191667	4.201667	4.148334	4.2	2.3906	0	4.186	4.187	93.8	-0.034	4.152	0	0	0	0	0	0	0	0	0	0	0	0	0	0	0	18.2	0	0	0	0	0	0	0	0	0	0	0	0	0	0	0	0	0	0	0	0	0	0	0	0	0	0	0	0	0	0	0	0	0	0	
16/03/2022 11:27:10	0	0	6	15.03	15.03	1.3	2451	2074	4.153	4.1535	18.2	0	False	4.191667	4.2	4.14	4.2	2.4022	0	4.186	4.195	94.1	-0.034	4.153	0	0	0	0	0	0	0	0	0	0	0	0	0	0	0	18.2	0	0	0	0	0	0	0	0	0	0	0	0	0	0	0	0	0	0	0	0	0	0	0	0	0	0	0	0	0	0	0	0	0	0	
16/03/2022 11:27:20	0	0	6	15.03	15.03	1.3	2453	2084	4.154	4.1548	18.3	0	False	4.198333	4.205	4.211667	4.2	2.4139	0	4.186	4.197	94.2	-0.034	4.154	0	0	0	0	0	0	0	0	0	0	0	0	0	0	0	18.3	0	0	0	0	0	0	0	0	0	0	0	0	0	0	0	0	0	0	0	0	0	0	0	0	0	0	0	0	0	0	0	0	0	0	
16/03/2022 11:27:30	0	0	6	15.03	15.03	1.3	2455	2094	4.155	4.156	18.2	0	False	4.206666	4.198333	4.185	4.2	2.4256	0	4.186	4.197	94.3	-0.034	4.155	0	0	0	0	0	0	0	0	0	0	0	0	0	0	0	18.2	0	0	0	0	0	0	0	0	0	0	0	0	0	0	0	0	0	0	0	0	0	0	0	0	0	0	0	0	0	0	0	0	0	0	
16/03/2022 11:27:40	0	0	6	15.03	15.03	1.3	2453	2104	4.157	4.1576	18.2	0	False	4.195	4.196667	4.196667	4.2	2.4373	0	4.197	4.197	94.4	-0.046	4.157	0	0	0	0	0	0	0	0	0	0	0	0	0	0	0	18.2	0	0	0	0	0	0	0	0	0	0	0	0	0	0	0	0	0	0	0	0	0	0	0	0	0	0	0	0	0	0	0	0	0	0	
16/03/2022 11:27:50	0	0	6	15.03	15.03	1.3	2455	2114	4.158	4.1585	18.2	0	False	4.188334	4.208333	4.151667	4.2	2.4489	0	4.197	4.197	94.5	-0.046	4.158	0	0	0	0	0	0	0	0	0	0	0	0	0	0	0	18.2	0	0	0	0	0	0	0	0	0	0	0	0	0	0	0	0	0	0	0	0	0	0	0	0	0	0	0	0	0	0	0	0	0	0	
16/03/2022 11:28:00	0	0	6	15.03	15.03	1.3	2455	2124	4.159	4.1598	18.3	0	False	4.193333	4.211667	4.135	4.2	2.4606	0	4.197	4.197	94.6	-0.034	4.159	0	0	0	0	0	0	0	0	0	0	0	0	0	0	0	18.3	0	0	0	0	0	0	0	0	0	0	0	0	0	0	0	0	0	0	0	0	0	0	0	0	0	0	0	0	0	0	0	0	0	0	
16/03/2022 11:28:10	0	0	6	15.03	15.03	1.3	2455	2134	4.16	4.161	18.4	0	False	4.2	4.215	4.255	4.2	2.4722	0	4.197	4.197	94.7	-0.034	4.16	0	0	0	0	0	0	0	0	0	0	0	0	0	0	0	18.4	0	0	0	0	0	0	0	0	0	0	0	0	0	0	0	0	0	0	0	0	0	0	0	0	0	0	0	0	0	0	0	0	0	0	
16/03/2022 11:28:20	0	0	6	15.03	15.03	1.3	2461	2144	4.162	4.1623	18.3	0	False	4.208333	4.205	4.201667	4.2	2.4839	0	4.197	4.197	94.8	-0.034	4.162	0	0	0	0	0	0	0	0	0	0	0	0	0	0	0	18.3	0	0	0	0	0	0	0	0	0	0	0	0	0	0	0	0	0	0	0	0	0	0	0	0	0	0	0	0	0	0	0	0	0	0	
16/03/2022 11:28:30	0	0	6	15.03	15.03	1.3	2457	2154	4.163	4.1637	18.2	0	False	4.196667	4.186666	4.178333	4.2	2.4956	0	4.197	4.198	95.2	-0.034	4.163	0	0	0	0	0	0	0	0	0	0	0	0	0	0	0	18.2	0	0	0	0	0	0	0	0	0	0	0	0	0	0	0	0	0	0	0	0	0	0	0	0	0	0	0	0	0	0	0	0	0	0	
16/03/2022 11:28:40	0	0	6	15.03	15.03	1.3	2459	2163	4.164	4.1654	18.3	0	False	4.183333	4.168334	4.151667	4.2	2.506	0	4.197	4.203	95.3	-0.034	4.164	0	0	0	0	0	0	0	0	0	0	0	0	0	0	0	18.3	0	0	0	0	0	0	0	0	0	0	0	0	0	0	0	0	0	0	0	0	0	0	0	0	0	0	0	0	0	0	0	0	0	0	
16/03/2022 11:28:50	0	0	6	15.03	15.03	1.3	2461	2173	4.166	4.1673	18.2	0	False	4.178333	4.2	4.266667	4.2	2.5177	0	4.197	4.209	95.4	-0.034	4.166	0	0	0	0	0	0	0	0	0	0	0	0	0	0	0	18.2	0	0	0	0	0	0	0	0	0	0	0	0	0	0	0	0	0	0	0	0	0	0	0	0	0	0	0	0	0	0	0	0	0	0	
16/03/2022 11:29:00	0	0	6	15.03	15.03	1.3	2461	2183	4.168	4.1685	18.2	0	False	4.183333	4.228333	4.255	4.2	2.5293	0	4.197	4.209	95.4	-0.046	4.168	0	0	0	0	0	0	0	0	0	0	0	0	0	0	0	18.2	0	0	0	0	0	0	0	0	0	0	0	0	0	0	0	0	0	0	0	0	0	0	0	0	0	0	0	0	0	0	0	0	0	0	
16/03/2022 11:29:10	0	0	6	15.03	15.03	1.3	2463	2193	4.169	4.1698	18.1	0	False	4.2	4.2	4.185	4.2	2.541	0	4.209	4.209	95.6	-0.034	4.169	0	0	0	0	0	0	0	0	0	0	0	0	0	0	0	18.1	0	0	0	0	0	0	0	0	0	0	0	0	0	0	0	0	0	0	0	0	0	0	0	0	0	0	0	0	0	0	0	0	0	0	
16/03/2022 11:29:20	0	0	6	15.03	15.02	1.3	2461	2203	4.171	4.1715	18.2	0	False	4.193333	4.173333	4.19	4.2	2.5527	0	4.209	4.209	95.8	-0.034	4.171	0	0	0	0	0	0	0	0	0	0	0	0	0	0	0	18.2	0	0	0	0	0	0	0	0	0	0	0	0	0	0	0	0	0	0	0	0	0	0	0	0	0	0	0	0	0	0	0	0	0	0	
16/03/2022 11:29:30	0	0	6	15.03	15.02	1.3	2465	2213	4.173	4.1735	18.2	0	False	4.176667	4.195	4.266667	4.2	2.5642	0	4.209	4.209	96	-0.034	4.173	0	0	0	0	0	0	0	0	0	0	0	0	0	0	0	18.2	0	0	0	0	0	0	0	0	0	0	0	0	0	0	0	0	0	0	0	0	0	0	0	0	0	0	0	0	0	0	0	0	0	0	
16/03/2022 11:29:40	0	0	6	15.03	15.02	1.3	2465	2223	4.174	4.1748	18.2	0	False	4.193333	4.203333	4.26	4.2	2.5759	0	4.209	4.213	96.3	-0.034	4.174	0	0	0	0	0	0	0	0	0	0	0	0	0	0	0	18.2	0	0	0	0	0	0	0	0	0	0	0	0	0	0	0	0	0	0	0	0	0	0	0	0	0	0	0	0	0	0	0	0	0	0	
16/03/2022 11:29:50	0	0	6	15.03	15.02	1.3	2467	2233	4.175	4.1763	18.2	0	False	4.2	4.21	4.245	4.2	2.5876	0	4.22	4.22	96.4	-0.046	4.175	0	0	0	0	0	0	0	0	0	0	0	0	0	0	0	18.2	0	0	0	0	0	0	0	0	0	0	0	0	0	0	0	0	0	0	0	0	0	0	0	0	0	0	0	0	0	0	0	0	0	0	
16/03/2022 11:30:00	0	0	6	15.03	15.02	1.3	2467	2243	4.178	4.1785	18.2	0	False	4.208333	4.191667	4.178333	4.2	2.5993	0	4.22	4.22	96.5	-0.046	4.178	0	0	0	0	0	0	0	0	0	0	0	0	0	0	0	18.2	0	0	0	0	0	0	0	0	0	0	0	0	0	0	0	0	0	0	0	0	0	0	0	0	0	0	0	0	0	0	0	0	0	0	
16/03/2022 11:30:10	0	0	6	15.03	15.02	1.3	2467	2253	4.179	4.1798	18.2	0	False	4.191667	4.178333	4.161667	4.2	2.6109	0	4.22	4.22	96.7	-0.046	4.179	0	0	0	0	0	0	0	0	0	0	0	0	0	0	0	18.2	0	0	0	0	0	0	0	0	0	0	0	0	0	0	0	0	0	0	0	0	0	0	0	0	0	0	0	0	0	0	0	0	0	0	
16/03/2022 11:30:20	0	0	6	15.03	15.02	1.3	2469	2263	4.181	4.1821	18.2	0	False	4.186666	4.19	4.25	4.2	2.6225	0	4.22	4.22	96.8	-0.046	4.181	0	0	0	0	0	0	0	0	0	0	0	0	0	0	0	18.2	0	0	0	0	0	0	0	0	0	0	0	0	0	0	0	0	0	0	0	0	0	0	0	0	0	0	0	0	0	0	0	0	0	0	
16/03/2022 11:30:30	0	0	6	15.03	15.02	1.3	2469	2273	4.183	4.1835	18.2	0	False	4.193333	4.221667	4.228333	4.2	2.6342	0	4.22	4.221	97.1	-0.034	4.183	0	0	0	0	0	0	0	0	0	0	0	0	0	0	0	18.2	0	0	0	0	0	0	0	0	0	0	0	0	0	0	0	0	0	0	0	0	0	0	0	0	0	0	0	0	0	0	0	0	0	0	
16/03/2022 11:30:40	0	0	6	15.03	15.02	1.3	2471	2283	4.185	4.186	18.2	0	False	4.2	4.183333	4.173333	4.2	2.6459	0	4.232	4.232	97.3	-0.034	4.185	0	0	0	0	0	0	0	0	0	0	0	0	0	0	0	18.2	0	0	0	0	0	0	0	0	0	0	0	0	0	0	0	0	0	0	0	0	0	0	0	0	0	0	0	0	0	0	0	0	0	0	
16/03/2022 11:30:50	0	0	6	15.03	15.03	1.3	2471	2293	4.187	4.1885	18.2	0	False	4.19	4.205	4.155	4.2	2.6575	0	4.22	4.232	97.4	-0.034	4.187	0	0	0	0	0	0	0	0	0	0	0	0	0	0	0	18.2	0	0	0	0	0	0	0	0	0	0	0	0	0	0	0	0	0	0	0	0	0	0	0	0	0	0	0	0	0	0	0	0	0	0	
16/03/2022 11:31:00	0	0	6	15.03	15.02	1.3	2471	2303	4.189	4.1898	18.2	0	False	4.19	4.206666	4.121666	4.2	2.6692	0	4.232	4.232	97.6	-0.046	4.189	0	0	0	0	0	0	0	0	0	0	0	0	0	0	0	18.2	0	0	0	0	0	0	0	0	0	0	0	0	0	0	0	0	0	0	0	0	0	0	0	0	0	0	0	0	0	0	0	0	0	0	
16/03/2022 11:31:10	0	0	6	15.03	15.02	1.3	2475	2313	4.192	4.1923	18.2	0	False	4.201667	4.201667	4.205	4.2	2.6808	0	4.232	4.232	97.8	-0.046	4.192	0	0	0	0	0	0	0	0	0	0	0	0	0	0	0	18.2	0	0	0	0	0	0	0	0	0	0	0	0	0	0	0	0	0	0	0	0	0	0	0	0	0	0	0	0	0	0	0	0	0	0	
16/03/2022 11:31:20	0	0	6	15.03	15.02	1.3	2477	2323	4.194	4.1948	18.3	0	False	4.188334	4.183333	4.155	4.2	2.6925	0	4.232	4.232	98.3	-0.034	4.194	0	0	0	0	0	0	0	0	0	0	0	0	0	0	0	18.3	0	0	0	0	0	0	0	0	0	0	0	0	0	0	0	0	0	0	0	0	0	0	0	0	0	0	0	0	0	0	0	0	0	0	
16/03/2022 11:31:30	0	0	6	15.03	15.02	1.3	2475	2333	4.197	4.1973	18.2	0	False	4.195	4.196667	4.228333	4.2	2.7041	0	4.232	4.239	98.4	-0.034	4.197	0	0	0	0	0	0	0	0	0	0	0	0	0	0	0	18.2	0	0	0	0	0	0	0	0	0	0	0	0	0	0	0	0	0	0	0	0	0	0	0	0	0	0	0	0	0	0	0	0	0	0	
16/03/2022 11:31:40	0	0	6	15.03	15.02	1.3	2479	2342	4.199	4.1998	18.2	0	False	4.191667	4.188334	4.19	4.2	2.7146	0	4.232	4.243	98.7	-0.034	4.199	0	0	0	0	0	0	0	0	0	0	0	0	0	0	0	18.2	0	0	0	0	0	0	0	0	0	0	0	0	0	0	0	0	0	0	0	0	0	0	0	0	0	0	0	0	0	0	0	0	0	0	
16/03/2022 11:31:50	0	0	6	15.03	15.03	1.3	2479	2352	4.202	4.2023	18.2	0	False	4.186666	4.176667	4.13	4.2	2.7262	0	4.243	4.243	98.8	-0.046	4.202	0	0	0	0	0	0	0	0	0	0	0	0	0	0	0	18.2	0	0	0	0	0	0	0	0	0	0	0	0	0	0	0	0	0	0	0	0	0	0	0	0	0	0	0	0	0	0	0	0	0	0	
16/03/2022 11:32:00	0	0	6	15.03	15.02	1.3	2479	2362	4.204	4.2051	18.1	0	False	4.186666	4.125	4.116667	4.2	2.7379	0	4.232	4.243	99.3	-0.034	4.204	0	0	0	0	0	0	0	0	0	0	0	0	0	0	0	18.1	0	0	0	0	0	0	0	0	0	0	0	0	0	0	0	0	0	0	0	0	0	0	0	0	0	0	0	0	0	0	0	0	0	0	
16/03/2022 11:32:10	0	0	6	15.03	15.02	1.3	2479	2372	4.207	4.2076	18.1	0	False	4.148334	4.068333	4.051667	4.2	2.7492	0	4.254	4.245	99.5	-0.034	4.207	0	0	0	0	0	0	0	0	0	0	0	0	0	0	0	18.1	0	0	0	0	0	0	0	0	0	0	0	0	0	0	0	0	0	0	0	0	0	0	0	0	0	0	0	0	0	0	0	0	0	0	
16/03/2022 11:32:20	0	0	6	15.02	15.03	1.1	2463	2382	4.208	4.2085	18.3	0	True	4.068333	3.68	3.59	4.2	2.7601	0	4.243	4.246	99.7	-0.034	4.208	0	0	0	0	0	0	0	0	0	0	0	0	0	0	0	18.3	0	0	0	0	0	0	0	0	0	0	0	0	0	0	0	0	0	0	0	0	0	0	0	0	0	0	0	0	0	0	0	0	0	0	
16/03/2022 11:32:30	0	0	6	15.02	15.03	1.1	2457	2392	4.208	4.2087	18.3	0	True	3.851667	3.548333	3.465	4.2	2.7701	0	4.243	4.247	99.8	-0.034	4.208	0	0	0	0	0	0	0	0	0	0	0	0	0	0	0	18.3	0	0	0	0	0	0	0	0	0	0	0	0	0	0	0	0	0	0	0	0	0	0	0	0	0	0	0	0	0	0	0	0	0	0	
16/03/2022 11:32:40	0	0	6	15.02	15.03	1	2451	2400	4.208	4.2085	18.3	0	True	3.675	3.288333	3.265	4.2	2.7776	0	4.243	4.248	99.8	-0.034	4.208	0	0	0	0	0	0	0	0	0	0	0	0	0	0	0	18.3	0	0	0	0	0	0	0	0	0	0	0	0	0	0	0	0	0	0	0	0	0	0	0	0	0	0	0	0	0	0	0	0	0	0	
16/03/2022 11:32:50	0	0	6	15.02	15.03	0.9	2443	2412	4.208	4.2085	18.3	0	True	3.403333	3.058333	3.028333	4.2	2.788	0	4.243	4.254	100	-0.034	4.208	0	0	0	0	0	0	0	0	0	0	0	0	0	0	0	18.3	0	0	0	0	0	0	0	0	0	0	0	0	0	0	0	0	0	0	0	0	0	0	0	0	0	0	0	0	0	0	0	0	0	0	
16/03/2022 11:33:00	0	0	6	15.02	15.03	0.9	2435	2422	4.208	4.2087	18.3	0	True	3.208333	2.856667	2.78	4.2	2.7962	0	4.254	4.254	100	-0.046	4.208	0	0	0	0	0	0	0	0	0	0	0	0	0	0	0	18.3	0	0	0	0	0	0	0	0	0	0	0	0	0	0	0	0	0	0	0	0	0	0	0	0	0	0	0	0	0	0	0	0	0	0	
16/03/2022 11:33:10	0	0	6	15.02	15.03	0.8	2431	2432	4.208	4.2085	18.3	0	True	3.001667	2.671667	2.665	4.2	2.8039	0	4.232	4.253	100	-0.034	4.208	0	0	0	0	0	0	0	0	0	0	0	0	0	0	0	18.3	0	0	0	0	0	0	0	0	0	0	0	0	0	0	0	0	0	0	0	0	0	0	0	0	0	0	0	0	0	0	0	0	0	0	
16/03/2022 11:33:20	0	0	6	15.02	15.03	0.8	2431	2442	4.208	4.2085	18.3	0	True	2.848333	2.665	2.665	4.2	2.8113	0	4.243	4.25	100	-0.034	4.208	0	0	0	0	0	0	0	0	0	0	0	0	0	0	0	18.3	0	0	0	0	0	0	0	0	0	0	0	0	0	0	0	0	0	0	0	0	0	0	0	0	0	0	0	0	0	0	0	0	0	0	
16/03/2022 11:33:30	0	0	6	15.02	15.03	0.8	2423	2452	4.208	4.2085	18.3	0	True	2.693333	2.443333	2.443333	4.2	2.8181	0	4.243	4.249	100	-0.034	4.208	0	0	0	0	0	0	0	0	0	0	0	0	0	0	0	18.3	0	0	0	0	0	0	0	0	0	0	0	0	0	0	0	0	0	0	0	0	0	0	0	0	0	0	0	0	0	0	0	0	0	0	
16/03/2022 11:33:40	0	0	6	15.01	15.03	0.7	2419	2462	4.208	4.2085	18.3	0	True	2.57	2.34	2.321667	4.2	2.8248	0	4.243	4.25	100	-0.034	4.208	0	0	0	0	0	0	0	0	0	0	0	0	0	0	0	18.3	0	0	0	0	0	0	0	0	0	0	0	0	0	0	0	0	0	0	0	0	0	0	0	0	0	0	0	0	0	0	0	0	0	0	
16/03/2022 11:33:50	0	0	6	15.01	15.03	0.7	2415	2472	4.208	4.2085	18.3	0	True	2.425	2.223333	2.223333	4.2	2.8311	0	4.243	4.254	100	-0.034	4.208	0	0	0	0	0	0	0	0	0	0	0	0	0	0	0	18.3	0	0	0	0	0	0	0	0	0	0	0	0	0	0	0	0	0	0	0	0	0	0	0	0	0	0	0	0	0	0	0	0	0	0	
16/03/2022 11:34:00	0	0	6	15.01	15.03	0.6	2407	2482	4.208	4.2085	18.3	0	True	2.283333	2.046667	2.046667	4.2	2.8369	0	4.243	4.254	100	-0.034	4.208	0	0	0	0	0	0	0	0	0	0	0	0	0	0	0	18.3	0	0	0	0	0	0	0	0	0	0	0	0	0	0	0	0	0	0	0	0	0	0	0	0	0	0	0	0	0	0	0	0	0	0	
16/03/2022 11:34:10	0	0	6	15.01	15.03	0.6	2403	2492	4.208	4.2085	18.3	0	True	2.156667	1.96	1.981667	4.2	2.8425	0	4.243	4.254	100	-0.034	4.208	0	0	0	0	0	0	0	0	0	0	0	0	0	0	0	18.3	0	0	0	0	0	0	0	0	0	0	0	0	0	0	0	0	0	0	0	0	0	0	0	0	0	0	0	0	0	0	0	0	0	0	
16/03/2022 11:34:20	0	0	6	15.01	15.03	0.6	2399	2502	4.208	4.2085	18.3	0	True	2.056667	1.883333	1.915	4.2	2.8478	0	4.243	4.254	100	-0.046	4.208	0	0	0	0	0	0	0	0	0	0	0	0	0	0	0	18.3	0	0	0	0	0	0	0	0	0	0	0	0	0	0	0	0	0	0	0	0	0	0	0	0	0	0	0	0	0	0	0	0	0	0	
16/03/2022 11:34:30	0	0	6	15.01	15.03	0.6	2393	2512	4.208	4.2088	18.3	0	True	1.971667	1.823333	1.826667	4.2	2.853	0	4.243	4.252	100	-0.034	4.208	0	0	0	0	0	0	0	0	0	0	0	0	0	0	0	18.3	0	0	0	0	0	0	0	0	0	0	0	0	0	0	0	0	0	0	0	0	0	0	0	0	0	0	0	0	0	0	0	0	0	0	
16/03/2022 11:34:40	0	0	6	15.01	15.03	0.5	2387	2521	4.208	4.2085	18.3	0	True	1.865	1.693333	1.695	4.2	2.8573	0	4.243	4.254	100	-0.034	4.208	0	0	0	0	0	0	0	0	0	0	0	0	0	0	0	18.3	0	0	0	0	0	0	0	0	0	0	0	0	0	0	0	0	0	0	0	0	0	0	0	0	0	0	0	0	0	0	0	0	0	0	
16/03/2022 11:34:50	0	0	6	15.01	15.03	0.5	2377	2531	4.208	4.2087	18.3	0	True	1.776667	1.615	1.558333	4.2	2.8618	0	4.243	4.254	100	-0.034	4.208	0	0	0	0	0	0	0	0	0	0	0	0	0	0	0	18.3	0	0	0	0	0	0	0	0	0	0	0	0	0	0	0	0	0	0	0	0	0	0	0	0	0	0	0	0	0	0	0	0	0	0	
16/03/2022 11:35:00	0	0	6	15.01	15.03	0.5	2373	2539	4.208	4.2085	18.3	0	True	1.69	1.516667	1.501667	4.2	2.8652	0	4.243	4.254	100	-0.034	4.208	0	0	0	0	0	0	0	0	0	0	0	0	0	0	0	18.3	0	0	0	0	0	0	0	0	0	0	0	0	0	0	0	0	0	0	0	0	0	0	0	0	0	0	0	0	0	0	0	0	0	0	
16/03/2022 11:35:10	0	0	6	15.01	15.03	0.4	2371	2551	4.208	4.2085	18.3	0	True	1.571667	1.451667	1.451667	4.2	2.8701	0	4.243	4.254	100	-0.034	4.208	0	0	0	0	0	0	0	0	0	0	0	0	0	0	0	18.3	0	0	0	0	0	0	0	0	0	0	0	0	0	0	0	0	0	0	0	0	0	0	0	0	0	0	0	0	0	0	0	0	0	0	
16/03/2022 11:35:20	0	0	6	15	15.03	0.4	2367	2561	4.208	4.2085	18.3	0	True	1.513333	1.385	1.373333	4.2	2.8741	0	4.243	4.254	100	-0.034	4.208	0	0	0	0	0	0	0	0	0	0	0	0	0	0	0	18.3	0	0	0	0	0	0	0	0	0	0	0	0	0	0	0	0	0	0	0	0	0	0	0	0	0	0	0	0	0	0	0	0	0	0	
16/03/2022 11:35:30	0	0	6	15	15.03	0.4	2363	2571	4.208	4.2085	18.3	0	True	1.455	1.331667	1.298333	4.2	2.8779	0	4.243	4.253	100	-0.034	4.208	0	0	0	0	0	0	0	0	0	0	0	0	0	0	0	18.3	0	0	0	0	0	0	0	0	0	0	0	0	0	0	0	0	0	0	0	0	0	0	0	0	0	0	0	0	0	0	0	0	0	0	
16/03/2022 11:35:40	0	0	6	15	15.03	0.4	2353	2581	4.208	4.2085	18.3	0	True	1.368333	1.19	1.203333	4.2	2.8814	0	4.243	4.254	100	-0.034	4.208	0	0	0	0	0	0	0	0	0	0	0	0	0	0	0	18.3	0	0	0	0	0	0	0	0	0	0	0	0	0	0	0	0	0	0	0	0	0	0	0	0	0	0	0	0	0	0	0	0	0	0	
16/03/2022 11:35:50	0	0	6	15	15.03	0.3	2351	2591	4.208	4.2085	18.3	0	True	1.275	1.111667	1.111667	4.2	2.8846	0	4.243	4.254	100	-0.034	4.208	0	0	0	0	0	0	0	0	0	0	0	0	0	0	0	18.3	0	0	0	0	0	0	0	0	0	0	0	0	0	0	0	0	0	0	0	0	0	0	0	0	0	0	0	0	0	0	0	0	0	0	
16/03/2022 11:36:00	0	0	6	15	15.03	0.3	2351	2601	4.208	4.2085	18.3	0	True	1.203333	1.108333	1.1	4.2	2.8877	0	4.254	4.254	100	-0.034	4.208	0	0	0	0	0	0	0	0	0	0	0	0	0	0	0	18.3	0	0	0	0	0	0	0	0	0	0	0	0	0	0	0	0	0	0	0	0	0	0	0	0	0	0	0	0	0	0	0	0	0	0	
16/03/2022 11:36:10	0	0	6	15	15.03	0.3	2351	2611	4.208	4.2085	18.3	0	True	1.163333	1.105	1.121667	4.2	2.8908	0	4.254	4.254	100	-0.034	4.208	0	0	0	0	0	0	0	0	0	0	0	0	0	0	0	18.3	0	0	0	0	0	0	0	0	0	0	0	0	0	0	0	0	0	0	0	0	0	0	0	0	0	0	0	0	0	0	0	0	0	0	
16/03/2022 11:36:20	0	0	6	15	15.03	0.3	2345	2621	4.208	4.2088	18.3	0	True	1.136667	1.048333	1.05	4.2	2.8938	0	4.243	4.254	100	-0.034	4.208	0	0	0	0	0	0	0	0	0	0	0	0	0	0	0	18.3	0	0	0	0	0	0	0	0	0	0	0	0	0	0	0	0	0	0	0	0	0	0	0	0	0	0	0	0	0	0	0	0	0	0	
16/03/2022 11:36:30	0	0	6	15	15.03	0.3	2343	2631	4.208	4.2085	18.3	0	True	1.066667	0.9383333	0.935	4.2	2.8965	0	4.243	4.254	100	-0.034	4.208	0	0	0	0	0	0	0	0	0	0	0	0	0	0	0	18.3	0	0	0	0	0	0	0	0	0	0	0	0	0	0	0	0	0	0	0	0	0	0	0	0	0	0	0	0	0	0	0	0	0	0	
16/03/2022 11:36:40	0	0	6	15	15.03	0.3	2341	2641	4.208	4.2087	18.3	0	True	1.013333	0.9483333	0.9783334	4.2	2.8992	0	4.243	4.254	100	-0.034	4.208	0	0	0	0	0	0	0	0	0	0	0	0	0	0	0	18.3	0	0	0	0	0	0	0	0	0	0	0	0	0	0	0	0	0	0	0	0	0	0	0	0	0	0	0	0	0	0	0	0	0	0	
16/03/2022 11:36:50	0	0	6	15	15.03	0.3	2339	2651	4.208	4.2085	18.3	0	True	0.9583333	0.865	0.8583333	4.2	2.9016	0	4.243	4.254	100	-0.034	4.208	0	0	0	0	0	0	0	0	0	0	0	0	0	0	0	18.3	0	0	0	0	0	0	0	0	0	0	0	0	0	0	0	0	0	0	0	0	0	0	0	0	0	0	0	0	0	0	0	0	0	0	
16/03/2022 11:37:00	0	0	6	15	15.03	0.3	2339	2661	4.208	4.2085	18.3	0	True	0.9166667	0.8533334	0.8466667	4.2	2.904	0	4.243	4.254	100	-0.046	4.208	0	0	0	0	0	0	0	0	0	0	0	0	0	0	0	18.3	0	0	0	0	0	0	0	0	0	0	0	0	0	0	0	0	0	0	0	0	0	0	0	0	0	0	0	0	0	0	0	0	0	0	
16/03/2022 11:37:10	0	0	6	15	15.03	0.2	2333	2671	4.208	4.2085	18.3	0	True	0.8816667	0.7783333	0.78	4.2	2.9063	0	4.243	4.254	100	-0.046	4.208	0	0	0	0	0	0	0	0	0	0	0	0	0	0	0	18.3	0	0	0	0	0	0	0	0	0	0	0	0	0	0	0	0	0	0	0	0	0	0	0	0	0	0	0	0	0	0	0	0	0	0	
16/03/2022 11:37:20	0	0	6	15	15.03	0.2	2331	2681	4.208	4.2085	18.3	0	True	0.81	0.69	0.6916667	4.2	2.9083	0	4.243	4.254	100	-0.034	4.208	0	0	0	0	0	0	0	0	0	0	0	0	0	0	0	18.3	0	0	0	0	0	0	0	0	0	0	0	0	0	0	0	0	0	0	0	0	0	0	0	0	0	0	0	0	0	0	0	0	0	0	
16/03/2022 11:37:30	0	0	6	15	15.03	0.2	2331	2691	4.208	4.2085	18.3	0	True	0.76	0.6916667	0.6766667	4.2	2.9102	0	4.243	4.253	100	-0.023	4.208	0	0	0	0	0	0	0	0	0	0	0	0	0	0	0	18.3	0	0	0	0	0	0	0	0	0	0	0	0	0	0	0	0	0	0	0	0	0	0	0	0	0	0	0	0	0	0	0	0	0	0	
16/03/2022 11:37:40	0	0	6	15	15.03	0.2	2331	2699	4.208	4.2085	18.3	0	True	0.7383333	0.6966667	0.6983333	4.2	2.9117	0	4.243	4.252	100	-0.034	4.208	0	0	0	0	0	0	0	0	0	0	0	0	0	0	0	18.3	0	0	0	0	0	0	0	0	0	0	0	0	0	0	0	0	0	0	0	0	0	0	0	0	0	0	0	0	0	0	0	0	0	0	
16/03/2022 11:37:50	0	0	6	15	15.03	0.2	2331	2710	4.208	4.2085	18.3	0	True	0.7183333	0.6916667	0.6916667	4.2	2.9138	0	4.243	4.252	100	-0.034	4.208	0	0	0	0	0	0	0	0	0	0	0	0	0	0	0	18.3	0	0	0	0	0	0	0	0	0	0	0	0	0	0	0	0	0	0	0	0	0	0	0	0	0	0	0	0	0	0	0	0	0	0	
16/03/2022 11:38:00	0	0	6	15	15.03	0.2	2331	2720	4.208	4.2085	18.3	0	True	0.7016667	0.6766667	0.665	4.2	2.9157	0	4.243	4.252	100	-0.034	4.208	0	0	0	0	0	0	0	0	0	0	0	0	0	0	0	18.3	0	0	0	0	0	0	0	0	0	0	0	0	0	0	0	0	0	0	0	0	0	0	0	0	0	0	0	0	0	0	0	0	0	0	
16/03/2022 11:38:10	0	0	6	14.99	15.03	0.2	2325	2730	4.208	4.2085	18.3	0	True	0.685	0.6316667	0.5883333	4.2	2.9176	0	4.243	4.254	100	-0.034	4.208	0	0	0	0	0	0	0	0	0	0	0	0	0	0	0	18.3	0	0	0	0	0	0	0	0	0	0	0	0	0	0	0	0	0	0	0	0	0	0	0	0	0	0	0	0	0	0	0	0	0	0	
16/03/2022 11:38:20	0	0	6	14.99	15.03	0.2	2325	2740	4.208	4.2085	18.3	0	True	0.6483333	0.585	0.5766667	4.2	2.9192	0	4.243	4.254	100	-0.034	4.208	0	0	0	0	0	0	0	0	0	0	0	0	0	0	0	18.3	0	0	0	0	0	0	0	0	0	0	0	0	0	0	0	0	0	0	0	0	0	0	0	0	0	0	0	0	0	0	0	0	0	0	
16/03/2022 11:38:30	0	0	6	14.99	15.03	0.2	2325	2750	4.208	4.2085	18.3	0	True	0.6266667	0.595	0.6033334	4.2	2.9209	0	4.243	4.253	100	-0.034	4.208	0	0	0	0	0	0	0	0	0	0	0	0	0	0	0	18.3	0	0	0	0	0	0	0	0	0	0	0	0	0	0	0	0	0	0	0	0	0	0	0	0	0	0	0	0	0	0	0	0	0	0	
16/03/2022 11:38:40	0	0	6	14.99	15.03	0.1	2319	2760	4.208	4.2085	18.3	0	True	0.6083333	0.5033333	0.4	4.2	2.9225	0	4.243	4.254	100	-0.034	4.208	0	0	0	0	0	0	0	0	0	0	0	0	0	0	0	18.3	0	0	0	0	0	0	0	0	0	0	0	0	0	0	0	0	0	0	0	0	0	0	0	0	0	0	0	0	0	0	0	0	0	0	
16/03/2022 11:38:50	0	0	6	14.99	15.03	0.1	2319	2770	4.208	4.2084	18.3	0	True	0.5283333	0.425	0.4116667	4.2	2.9236	0	4.243	4.254	100	-0.034	4.208	0	0	0	0	0	0	0	0	0	0	0	0	0	0	0	18.3	0	0	0	0	0	0	0	0	0	0	0	0	0	0	0	0	0	0	0	0	0	0	0	0	0	0	0	0	0	0	0	0	0	0	
16/03/2022 11:39:00	0	0	6	14.99	15.03	0.1	2319	2780	4.207	4.2077	18.3	0	True	0.485	0.4283333	0.4283333	4.2	2.9248	0	4.243	4.254	100	-0.034	4.207	0	0	0	0	0	0	0	0	0	0	0	0	0	0	0	18.3	0	0	0	0	0	0	0	0	0	0	0	0	0	0	0	0	0	0	0	0	0	0	0	0	0	0	0	0	0	0	0	0	0	0	
16/03/2022 11:39:10	0	0	6	14.99	15.03	0.1	2319	2790	4.207	4.2073	18.3	0	True	0.4633333	0.425	0.4233333	4.2	2.926	0	4.243	4.254	100	-0.034	4.207	0	0	0	0	0	0	0	0	0	0	0	0	0	0	0	18.3	0	0	0	0	0	0	0	0	0	0	0	0	0	0	0	0	0	0	0	0	0	0	0	0	0	0	0	0	0	0	0	0	0	0	
16/03/2022 11:39:20	0	0	6	14.99	15.03	0.1	2319	2800	4.207	4.2073	18.3	0	True	0.4466667	0.4283333	0.4283333	4.2	2.9271	0	4.243	4.254	100	-0.034	4.207	0	0	0	0	0	0	0	0	0	0	0	0	0	0	0	18.3	0	0	0	0	0	0	0	0	0	0	0	0	0	0	0	0	0	0	0	0	0	0	0	0	0	0	0	0	0	0	0	0	0	0	
16/03/2022 11:39:30	0	0	6	14.99	15.03	0.1	2319	2810	4.207	4.2073	18.3	0	True	0.43	0.4216667	0.4116667	4.2	2.9283	0	4.243	4.254	100	-0.034	4.207	0	0	0	0	0	0	0	0	0	0	0	0	0	0	0	18.3	0	0	0	0	0	0	0	0	0	0	0	0	0	0	0	0	0	0	0	0	0	0	0	0	0	0	0	0	0	0	0	0	0	0	
16/03/2022 11:39:40	0	0	6	14.99	15.03	0.1	2319	2820	4.207	4.2084	18.3	0	True	0.4216667	0.4216667	0.4433333	4.2	2.9295	0	4.243	4.254	100	-0.034	4.207	0	0	0	0	0	0	0	0	0	0	0	0	0	0	0	18.3	0	0	0	0	0	0	0	0	0	0	0	0	0	0	0	0	0	0	0	0	0	0	0	0	0	0	0	0	0	0	0	0	0	0	
16/03/2022 11:39:50	0	0	6	14.99	15.03	0.1	2319	2830	4.208	4.2085	18.3	0	True	0.42	0.4216667	0.4233333	4.2	2.9307	0	4.243	4.254	100	-0.034	4.208	0	0	0	0	0	0	0	0	0	0	0	0	0	0	0	18.3	0	0	0	0	0	0	0	0	0	0	0	0	0	0	0	0	0	0	0	0	0	0	0	0	0	0	0	0	0	0	0	0	0	0	
16/03/2022 11:40:00	0	0	6	14.99	15.03	0.1	2319	2840	4.208	4.2085	18.3	0	True	0.415	0.405	0.405	4.2	2.9318	0	4.243	4.254	100	-0.034	4.208	0	0	0	0	0	0	0	0	0	0	0	0	0	0	0	18.3	0	0	0	0	0	0	0	0	0	0	0	0	0	0	0	0	0	0	0	0	0	0	0	0	0	0	0	0	0	0	0	0	0	0	
16/03/2022 11:40:10	0	0	6	14.99	15.03	0.1	2319	2850	4.208	4.2085	18.3	0	True	0.4116667	0.4133333	0.4233333	4.2	2.933	0	4.243	4.254	100	-0.034	4.208	0	0	0	0	0	0	0	0	0	0	0	0	0	0	0	18.3	0	0	0	0	0	0	0	0	0	0	0	0	0	0	0	0	0	0	0	0	0	0	0	0	0	0	0	0	0	0	0	0	0	0	
16/03/2022 11:40:20	0	0	6	14.99	15.03	0.1	2319	2860	4.208	4.2085	18.3	0	True	0.4083333	0.4116667	0.4116667	4.2	2.9341	0	4.243	4.254	100	-0.034	4.208	0	0	0	0	0	0	0	0	0	0	0	0	0	0	0	18.3	0	0	0	0	0	0	0	0	0	0	0	0	0	0	0	0	0	0	0	0	0	0	0	0	0	0	0	0	0	0	0	0	0	0	
16/03/2022 11:40:30	0	0	6	14.99	15.03	0.1	2315	2870	4.208	4.2085	18.3	0	True	0.3866667	0.3183333	0.3333333	4.2	2.9351	0	4.254	4.254	100	-0.034	4.208	0	0	0	0	0	0	0	0	0	0	0	0	0	0	0	18.3	0	0	0	0	0	0	0	0	0	0	0	0	0	0	0	0	0	0	0	0	0	0	0	0	0	0	0	0	0	0	0	0	0	0	
16/03/2022 11:40:40	0	0	6	14.99	15.03	0.1	2315	2879	4.208	4.2085	18.3	0	True	0.3616667	0.3216667	0.3183333	4.2	2.9359	0	4.243	4.254	100	-0.034	4.208	0	0	0	0	0	0	0	0	0	0	0	0	0	0	0	18.3	0	0	0	0	0	0	0	0	0	0	0	0	0	0	0	0	0	0	0	0	0	0	0	0	0	0	0	0	0	0	0	0	0	0	
16/03/2022 11:40:50	0	0	6	14.99	15.03	0.1	2315	2889	4.208	4.2085	18.3	0	True	0.3466667	0.3216667	0.34	4.2	2.9368	0	4.243	4.254	100	-0.034	4.208	0	0	0	0	0	0	0	0	0	0	0	0	0	0	0	18.3	0	0	0	0	0	0	0	0	0	0	0	0	0	0	0	0	0	0	0	0	0	0	0	0	0	0	0	0	0	0	0	0	0	0	
16/03/2022 11:41:00	0	0	6	14.99	15.03	0.1	2315	2899	4.208	4.2085	18.3	0	True	0.33	0.3183333	0.3183333	4.2	2.9377	0	4.243	4.254	100	-0.034	4.208	0	0	0	0	0	0	0	0	0	0	0	0	0	0	0	18.3	0	0	0	0	0	0	0	0	0	0	0	0	0	0	0	0	0	0	0	0	0	0	0	0	0	0	0	0	0	0	0	0	0	0	
16/03/2022 11:41:10	0	0	6	14.99	15.03	0.1	2313	2909	4.208	4.2085	18.3	0	True	0.32	0.3166667	0.34	4.2	2.9386	0	4.243	4.254	100	-0.034	4.208	0	0	0	0	0	0	0	0	0	0	0	0	0	0	0	18.3	0	0	0	0	0	0	0	0	0	0	0	0	0	0	0	0	0	0	0	0	0	0	0	0	0	0	0	0	0	0	0	0	0	0	
16/03/2022 11:41:20	0	0	6	14.99	15.03	0.1	2311	2919	4.208	4.2085	18.3	0	True	0.3083333	0.2266667	0.2133333	4.2	2.9394	0	4.243	4.254	100	-0.034	4.208	0	0	0	0	0	0	0	0	0	0	0	0	0	0	0	18.3	0	0	0	0	0	0	0	0	0	0	0	0	0	0	0	0	0	0	0	0	0	0	0	0	0	0	0	0	0	0	0	0	0	0	
16/03/2022 11:41:30	0	0	6	14.99	15.03	0.1	2311	2929	4.208	4.2085	18.3	0	True	0.2783333	0.23	0.2566667	4.2	2.9401	0	4.243	4.254	100	-0.034	4.208	0	0	0	0	0	0	0	0	0	0	0	0	0	0	0	18.3	0	0	0	0	0	0	0	0	0	0	0	0	0	0	0	0	0	0	0	0	0	0	0	0	0	0	0	0	0	0	0	0	0	0	
16/03/2022 11:41:40	0	0	6	14.99	15.03	0.1	2311	2939	4.208	4.2085	18.3	0	True	0.2616667	0.24	0.2516667	4.2	2.9407	0	4.243	4.254	100	-0.034	4.208	0	0	0	0	0	0	0	0	0	0	0	0	0	0	0	18.3	0	0	0	0	0	0	0	0	0	0	0	0	0	0	0	0	0	0	0	0	0	0	0	0	0	0	0	0	0	0	0	0	0	0	
16/03/2022 11:41:50	0	0	6	14.99	15.03	0.1	2311	2949	4.208	4.2085	18.3	0	True	0.245	0.245	0.245	4.2	2.9414	0	4.243	4.254	100	-0.034	4.208	0	0	0	0	0	0	0	0	0	0	0	0	0	0	0	18.3	0	0	0	0	0	0	0	0	0	0	0	0	0	0	0	0	0	0	0	0	0	0	0	0	0	0	0	0	0	0	0	0	0	0	
16/03/2022 11:42:00	0	0	6	14.99	15.03	0.1	2311	2959	4.208	4.2084	18.3	0	True	0.2333333	0.2333333	0.23	4.2	2.942	0	4.243	4.254	100	-0.034	4.208	0	0	0	0	0	0	0	0	0	0	0	0	0	0	0	18.3	0	0	0	0	0	0	0	0	0	0	0	0	0	0	0	0	0	0	0	0	0	0	0	0	0	0	0	0	0	0	0	0	0	0	
16/03/2022 11:42:10	0	0	6	14.99	15.03	0.1	2311	2969	4.208	4.2085	18.3	0	True	0.2366667	0.235	0.23	4.2	2.9427	0	4.243	4.254	100	-0.034	4.208	0	0	0	0	0	0	0	0	0	0	0	0	0	0	0	18.3	0	0	0	0	0	0	0	0	0	0	0	0	0	0	0	0	0	0	0	0	0	0	0	0	0	0	0	0	0	0	0	0	0	0	
16/03/2022 11:42:20	0	0	6	14.99	15.03	0.1	2311	2979	4.208	4.2085	18.3	0	True	0.235	0.24	0.225	4.2	2.9433	0	4.243	4.254	100	-0.034	4.208	0	0	0	0	0	0	0	0	0	0	0	0	0	0	0	18.3	0	0	0	0	0	0	0	0	0	0	0	0	0	0	0	0	0	0	0	0	0	0	0	0	0	0	0	0	0	0	0	0	0	0	
16/03/2022 11:42:30	0	0	6	14.99	15.03	0.1	2311	2989	4.208	4.2085	18.3	0	True	0.2316667	0.235	0.245	4.2	2.944	0	4.243	4.254	100	-0.034	4.208	0	0	0	0	0	0	0	0	0	0	0	0	0	0	0	18.3	0	0	0	0	0	0	0	0	0	0	0	0	0	0	0	0	0	0	0	0	0	0	0	0	0	0	0	0	0	0	0	0	0	0	
16/03/2022 11:42:40	0	0	6	14.99	15.03	0.1	2311	2999	4.208	4.2085	18.3	0	True	0.23	0.2233333	0.2133333	4.2	2.9446	0	4.243	4.254	100	-0.034	4.208	0	0	0	0	0	0	0	0	0	0	0	0	0	0	0	18.3	0	0	0	0	0	0	0	0	0	0	0	0	0	0	0	0	0	0	0	0	0	0	0	0	0	0	0	0	0	0	0	0	0	0	
16/03/2022 11:42:50	0	0	6	14.99	15.03	0.1	2309	3009	4.208	4.2085	18.3	0	True	0.23	0.235	0.2133333	4.2	2.9453	0	4.243	4.254	100	-0.034	4.208	0	0	0	0	0	0	0	0	0	0	0	0	0	0	0	18.3	0	0	0	0	0	0	0	0	0	0	0	0	0	0	0	0	0	0	0	0	0	0	0	0	0	0	0	0	0	0	0	0	0	0	
16/03/2022 11:43:00	0	0	6	14.99	15.03	0.1	2309	3019	4.208	4.2085	18.3	0	True	0.23	0.2283333	0.225	4.2	2.9459	0	4.243	4.254	100	-0.034	4.208	0	0	0	0	0	0	0	0	0	0	0	0	0	0	0	18.3	0	0	0	0	0	0	0	0	0	0	0	0	0	0	0	0	0	0	0	0	0	0	0	0	0	0	0	0	0	0	0	0	0	0	
16/03/2022 11:43:10	0	0	6	14.99	15.03	0.1	2309	3029	4.208	4.2085	18.3	0	True	0.225	0.225	0.225	4.2	2.9466	0	4.243	4.254	100	-0.034	4.208	0	0	0	0	0	0	0	0	0	0	0	0	0	0	0	18.3	0	0	0	0	0	0	0	0	0	0	0	0	0	0	0	0	0	0	0	0	0	0	0	0	0	0	0	0	0	0	0	0	0	0	
16/03/2022 11:43:20	0	0	6	14.99	15.03	0.1	2309	3039	4.208	4.2085	18.3	0	True	0.2183333	0.2183333	0.225	4.2	2.9472	0	4.243	4.254	100	-0.034	4.208	0	0	0	0	0	0	0	0	0	0	0	0	0	0	0	18.3	0	0	0	0	0	0	0	0	0	0	0	0	0	0	0	0	0	0	0	0	0	0	0	0	0	0	0	0	0	0	0	0	0	0	
16/03/2022 11:43:30	0	0	11	14.99	15.03	0	0	0	4.208	4.2085	18.3	0	True	0.2083333	0	0.003333333	4.2	2.9476	0	4.243	4.254	100	-0.034	4.208	0	0	0	0	0	0	0	0	0	0	0	0	0	0	0	18.3	0	0	0	0	0	0	0	0	0	0	0	0	0	0	0	0	0	0	0	0	0	0	0	0	0	0	0	0	0	0	0	0	0	0	
16/03/2022 11:43:40	0	0	11	14.99	15.03	0	0	11	4.207	4.2085	18.3	0	True	0.11	0	0.003333333	4.2	2.9476	0	4.243	4.254	100	-0.034	4.207	0	0	0	0	0	0	0	0	0	0	0	0	0	0	0	18.3	0	0	0	0	0	0	0	0	0	0	0	0	0	0	0	0	0	0	0	0	0	0	0	0	0	0	0	0	0	0	0	0	0	0	
16/03/2022 11:43:50	0	0	11	14.99	15.03	0	0	19	4.205	4.2085	18.3	0	True	0.07166667	0	0.003333333	4.2	2.9476	0	4.243	4.254	100	-0.034	4.205	0	0	0	0	0	0	0	0	0	0	0	0	0	0	0	18.3	0	0	0	0	0	0	0	0	0	0	0	0	0	0	0	0	0	0	0	0	0	0	0	0	0	0	0	0	0	0	0	0	0	0	
16/03/2022 11:44:00	0	0	11	14.99	15.03	0	0	31	4.204	4.2085	18.3	0	True	0.04166667	0	0	4.2	2.9476	0	4.243	4.252	100	-0.034	4.204	0	0	0	0	0	0	0	0	0	0	0	0	0	0	0	18.3	0	0	0	0	0	0	0	0	0	0	0	0	0	0	0	0	0	0	0	0	0	0	0	0	0	0	0	0	0	0	0	0	0	0	
16/03/2022 11:44:10	0	0	11	14.99	15.03	0	0	41	4.204	4.2085	18.3	0	True	0.025	0	0.003333333	4.2	2.9476	0	4.243	4.253	100	-0.034	4.204	0	0	0	0	0	0	0	0	0	0	0	0	0	0	0	18.3	0	0	0	0	0	0	0	0	0	0	0	0	0	0	0	0	0	0	0	0	0	0	0	0	0	0	0	0	0	0	0	0	0	0	
16/03/2022 11:44:20	0	0	11	14.99	15.03	0	0	51	4.204	4.2085	18.3	0	True	0.008333334	0	0.003333333	4.2	2.9476	0	4.243	4.248	100	-0.034	4.204	0	0	0	0	0	0	0	0	0	0	0	0	0	0	0	18.3	0	0	0	0	0	0	0	0	0	0	0	0	0	0	0	0	0	0	0	0	0	0	0	0	0	0	0	0	0	0	0	0	0	0	
16/03/2022 11:44:30	0	0	8	14.99	15.03	0	1300	1	4.199	4.1998	18.3	0	False	-0.003333333	-0.2183333	-1.058333	4.25	2.9476	0.0001	4.232	4.232	-1	-0.034	4.199	0	0	0	0	0	0	0	0	0	0	0	0	0	0	0	18.3	0	0	0	0	0	0	0	0	0	0	0	0	0	0	0	0	0	0	0	0	0	0	0	0	0	0	0	0	0	0	0	0	0	0	
16/03/2022 11:44:40	0	0	8	14.99	15	0	3412	11	4.158	4.1573	18.3	0	False	-4.06	-4.24	-4.246666	4.25	2.9476	0.011	4.197	4.186	-1	-0.034	4.158	0	0	0	0	0	0	0	0	0	0	0	0	0	0	0	18.3	0	0	0	0	0	0	0	0	0	0	0	0	0	0	0	0	0	0	0	0	0	0	0	0	0	0	0	0	0	0	0	0	0	0	
16/03/2022 11:44:50	0	0	8	14.99	15	0	3410	21	4.14	4.141	18.3	0	False	-4.143333	-4.246666	-4.246666	4.25	2.9476	0.0228	4.174	4.174	-1	-0.034	4.14	0	0	0	0	0	0	0	0	0	0	0	0	0	0	0	18.3	0	0	0	0	0	0	0	0	0	0	0	0	0	0	0	0	0	0	0	0	0	0	0	0	0	0	0	0	0	0	0	0	0	0	
16/03/2022 11:45:00	0	0	8	14.99	15	0	3408	31	4.129	4.1298	18.3	0	False	-4.186666	-4.245	-4.24	4.25	2.9476	0.0346	4.163	4.163	-1	-0.046	4.129	0	0	0	0	0	0	0	0	0	0	0	0	0	0	0	18.3	0	0	0	0	0	0	0	0	0	0	0	0	0	0	0	0	0	0	0	0	0	0	0	0	0	0	0	0	0	0	0	0	0	0	
16/03/2022 11:45:10	0	0	8	14.99	15	0	3410	41	4.119	4.1198	18.3	0	False	-4.21	-4.243333	-4.24	4.25	2.9476	0.0464	4.163	4.163	-1	-0.034	4.119	0	0	0	0	0	0	0	0	0	0	0	0	0	0	0	18.3	0	0	0	0	0	0	0	0	0	0	0	0	0	0	0	0	0	0	0	0	0	0	0	0	0	0	0	0	0	0	0	0	0	0	
16/03/2022 11:45:20	0	0	8	14.99	15	0	3406	50	4.11	4.111	18.3	0	False	-4.226666	-4.246666	-4.246666	4.25	2.9476	0.0582	4.14	4.151	-1	-0.046	4.11	0	0	0	0	0	0	0	0	0	0	0	0	0	0	0	18.3	0	0	0	0	0	0	0	0	0	0	0	0	0	0	0	0	0	0	0	0	0	0	0	0	0	0	0	0	0	0	0	0	0	0	
16/03/2022 11:45:30	0	0	8	14.99	15	0	3408	60	4.104	4.1048	18.3	0	False	-4.241667	-4.248333	-4.251667	4.25	2.9476	0.0688	4.14	4.14	-1	-0.034	4.104	0	0	0	0	0	0	0	0	0	0	0	0	0	0	0	18.3	0	0	0	0	0	0	0	0	0	0	0	0	0	0	0	0	0	0	0	0	0	0	0	0	0	0	0	0	0	0	0	0	0	0	
16/03/2022 11:45:40	0	0	8	14.99	15	0	3418	70	4.098	4.0985	18.3	0	False	-4.245	-4.241667	-4.241667	4.25	2.9476	0.0806	4.128	4.14	-1	-0.034	4.098	0	0	0	0	0	0	0	0	0	0	0	0	0	0	0	18.3	0	0	0	0	0	0	0	0	0	0	0	0	0	0	0	0	0	0	0	0	0	0	0	0	0	0	0	0	0	0	0	0	0	0	
16/03/2022 11:45:50	0	0	8	14.99	15	0	3412	80	4.092	4.093	18.3	0	False	-4.246666	-4.245	-4.236667	4.25	2.9476	0.0925	4.128	4.136	-1	-0.034	4.092	0	0	0	0	0	0	0	0	0	0	0	0	0	0	0	18.3	0	0	0	0	0	0	0	0	0	0	0	0	0	0	0	0	0	0	0	0	0	0	0	0	0	0	0	0	0	0	0	0	0	0	
16/03/2022 11:46:00	0	0	8	14.99	15	0	3410	90	4.087	4.088	18.3	0	False	-4.245	-4.246666	-4.241667	4.25	2.9476	0.1042	4.117	4.128	-1	-0.034	4.087	0	0	0	0	0	0	0	0	0	0	0	0	0	0	0	18.3	0	0	0	0	0	0	0	0	0	0	0	0	0	0	0	0	0	0	0	0	0	0	0	0	0	0	0	0	0	0	0	0	0	0	
16/03/2022 11:46:10	0	0	8	14.99	15	0	3412	100	4.083	4.0835	18.3	0	False	-4.246666	-4.246666	-4.241667	4.25	2.9476	0.116	4.117	4.128	-1	-0.034	4.083	0	0	0	0	0	0	0	0	0	0	0	0	0	0	0	18.3	0	0	0	0	0	0	0	0	0	0	0	0	0	0	0	0	0	0	0	0	0	0	0	0	0	0	0	0	0	0	0	0	0	0	
16/03/2022 11:46:20	0	0	8	14.98	15	0	3408	110	4.077	4.0777	18.3	0	False	-4.246666	-4.248333	-4.236667	4.25	2.9476	0.1278	4.117	4.117	-1	-0.046	4.077	0	0	0	0	0	0	0	0	0	0	0	0	0	0	0	18.3	0	0	0	0	0	0	0	0	0	0	0	0	0	0	0	0	0	0	0	0	0	0	0	0	0	0	0	0	0	0	0	0	0	0	
16/03/2022 11:46:30	0	0	8	14.99	15	0	3418	120	4.073	4.0735	18.3	0	False	-4.248333	-4.241667	-4.241667	4.25	2.9476	0.1396	4.117	4.117	-1	-0.034	4.073	0	0	0	0	0	0	0	0	0	0	0	0	0	0	0	18.3	0	0	0	0	0	0	0	0	0	0	0	0	0	0	0	0	0	0	0	0	0	0	0	0	0	0	0	0	0	0	0	0	0	0	
16/03/2022 11:46:40	0	0	8	14.99	15	0	3416	128	4.07	4.071	18.3	0	False	-4.251667	-4.241667	-4.231667	4.25	2.9476	0.1491	4.105	4.117	-1	-0.034	4.07	0	0	0	0	0	0	0	0	0	0	0	0	0	0	0	18.3	0	0	0	0	0	0	0	0	0	0	0	0	0	0	0	0	0	0	0	0	0	0	0	0	0	0	0	0	0	0	0	0	0	0	
16/03/2022 11:46:50	0	0	8	14.99	15	0	3422	140	4.066	4.0672	18.3	0	False	-4.251667	-4.243333	-4.241667	4.25	2.9476	0.1632	4.105	4.105	-1	-0.034	4.066	0	0	0	0	0	0	0	0	0	0	0	0	0	0	0	18.3	0	0	0	0	0	0	0	0	0	0	0	0	0	0	0	0	0	0	0	0	0	0	0	0	0	0	0	0	0	0	0	0	0	0	
16/03/2022 11:47:00	0	0	8	14.98	15	0	3412	150	4.063	4.0638	18.3	0	False	-4.246666	-4.248333	-4.253334	4.25	2.9476	0.175	4.094	4.105	-1	-0.046	4.063	0	0	0	0	0	0	0	0	0	0	0	0	0	0	0	18.3	0	0	0	0	0	0	0	0	0	0	0	0	0	0	0	0	0	0	0	0	0	0	0	0	0	0	0	0	0	0	0	0	0	0	
16/03/2022 11:47:10	0	0	8	14.99	15	0	3404	160	4.06	4.061	18.3	0	False	-4.251667	-4.251667	-4.241667	4.25	2.9476	0.1868	4.094	4.105	-1	-0.034	4.06	0	0	0	0	0	0	0	0	0	0	0	0	0	0	0	18.3	0	0	0	0	0	0	0	0	0	0	0	0	0	0	0	0	0	0	0	0	0	0	0	0	0	0	0	0	0	0	0	0	0	0	
16/03/2022 11:47:20	0	0	8	14.98	15	0	3402	170	4.058	4.0585	18.3	0	False	-4.248333	-4.251667	-4.246666	4.25	2.9476	0.1987	4.094	4.104	-1	-0.034	4.058	0	0	0	0	0	0	0	0	0	0	0	0	0	0	0	18.3	0	0	0	0	0	0	0	0	0	0	0	0	0	0	0	0	0	0	0	0	0	0	0	0	0	0	0	0	0	0	0	0	0	0	
16/03/2022 11:47:30	0	0	8	14.98	15	0	3408	180	4.055	4.056	18.3	0	False	-4.246666	-4.248333	-4.276667	4.25	2.9476	0.2104	4.094	4.094	-1	-0.046	4.055	0	0	0	0	0	0	0	0	0	0	0	0	0	0	0	18.3	0	0	0	0	0	0	0	0	0	0	0	0	0	0	0	0	0	0	0	0	0	0	0	0	0	0	0	0	0	0	0	0	0	0	
16/03/2022 11:47:40	0	0	8	14.98	15	0	3398	190	4.053	4.0539	18.3	0	False	-4.251667	-4.253334	-4.253334	4.25	2.9476	0.2222	4.094	4.094	-1	-0.034	4.053	0	0	0	0	0	0	0	0	0	0	0	0	0	0	0	18.3	0	0	0	0	0	0	0	0	0	0	0	0	0	0	0	0	0	0	0	0	0	0	0	0	0	0	0	0	0	0	0	0	0	0	
16/03/2022 11:47:50	0	0	8	14.98	15	0	3412	200	4.052	4.0522	18.3	0	False	-4.246666	-4.245	-4.241667	4.25	2.9476	0.234	4.082	4.094	-1	-0.034	4.052	0	0	0	0	0	0	0	0	0	0	0	0	0	0	0	18.3	0	0	0	0	0	0	0	0	0	0	0	0	0	0	0	0	0	0	0	0	0	0	0	0	0	0	0	0	0	0	0	0	0	0	
16/03/2022 11:48:00	0	0	8	14.98	15	0	3414	210	4.049	4.0497	18.3	0	False	-4.25	-4.25	-4.241667	4.25	2.9476	0.2458	4.082	4.094	-1	-0.034	4.049	0	0	0	0	0	0	0	0	0	0	0	0	0	0	0	18.3	0	0	0	0	0	0	0	0	0	0	0	0	0	0	0	0	0	0	0	0	0	0	0	0	0	0	0	0	0	0	0	0	0	0	
16/03/2022 11:48:10	0	0	8	14.98	15	0	3412	220	4.048	4.0483	18.3	0	False	-4.25	-4.25	-4.241667	4.25	2.9476	0.2576	4.082	4.094	-1	-0.034	4.048	0	0	0	0	0	0	0	0	0	0	0	0	0	0	0	18.3	0	0	0	0	0	0	0	0	0	0	0	0	0	0	0	0	0	0	0	0	0	0	0	0	0	0	0	0	0	0	0	0	0	0	
16/03/2022 11:48:20	0	0	8	14.99	15	0	3402	229	4.045	4.046	18.3	0	False	-4.245	-4.248333	-4.22	4.25	2.9476	0.2682	4.082	4.086	-1	-0.034	4.045	0	0	0	0	0	0	0	0	0	0	0	0	0	0	0	18.3	0	0	0	0	0	0	0	0	0	0	0	0	0	0	0	0	0	0	0	0	0	0	0	0	0	0	0	0	0	0	0	0	0	0	
16/03/2022 11:48:30	0	0	8	14.98	15	0	3406	239	4.044	4.0446	18.3	0	False	-4.253334	-4.253334	-4.263333	4.25	2.9476	0.28	4.071	4.082	-1	-0.046	4.044	0	0	0	0	0	0	0	0	0	0	0	0	0	0	0	18.3	0	0	0	0	0	0	0	0	0	0	0	0	0	0	0	0	0	0	0	0	0	0	0	0	0	0	0	0	0	0	0	0	0	0	
16/03/2022 11:48:40	0	0	8	14.98	15	0	3412	249	4.042	4.0432	18.3	0	False	-4.251667	-4.245	-4.258333	4.25	2.9476	0.2918	4.071	4.082	-1	-0.046	4.042	0	0	0	0	0	0	0	0	0	0	0	0	0	0	0	18.3	0	0	0	0	0	0	0	0	0	0	0	0	0	0	0	0	0	0	0	0	0	0	0	0	0	0	0	0	0	0	0	0	0	0	
16/03/2022 11:48:50	0	0	8	14.98	15	0	3410	259	4.04	4.041	18.3	0	False	-4.245	-4.246666	-4.231667	4.25	2.9476	0.3036	4.071	4.082	-1	-0.034	4.04	0	0	0	0	0	0	0	0	0	0	0	0	0	0	0	18.3	0	0	0	0	0	0	0	0	0	0	0	0	0	0	0	0	0	0	0	0	0	0	0	0	0	0	0	0	0	0	0	0	0	0	
16/03/2022 11:49:00	0	0	8	14.98	15	0	3420	269	4.039	4.0397	18.3	0	False	-4.246666	-4.243333	-4.276667	4.25	2.9476	0.3154	4.082	4.082	-1	-0.034	4.039	0	0	0	0	0	0	0	0	0	0	0	0	0	0	0	18.3	0	0	0	0	0	0	0	0	0	0	0	0	0	0	0	0	0	0	0	0	0	0	0	0	0	0	0	0	0	0	0	0	0	0	
16/03/2022 11:49:10	0	0	8	14.99	15	0	3406	279	4.038	4.0385	18.3	0	False	-4.246666	-4.251667	-4.236667	4.25	2.9476	0.3272	4.082	4.082	-1	-0.034	4.038	0	0	0	0	0	0	0	0	0	0	0	0	0	0	0	18.3	0	0	0	0	0	0	0	0	0	0	0	0	0	0	0	0	0	0	0	0	0	0	0	0	0	0	0	0	0	0	0	0	0	0	
16/03/2022 11:49:20	0	0	8	14.99	15	0	3412	289	4.037	4.0372	18.3	0	False	-4.251667	-4.248333	-4.258333	4.25	2.9476	0.339	4.071	4.082	-1	-0.034	4.037	0	0	0	0	0	0	0	0	0	0	0	0	0	0	0	18.3	0	0	0	0	0	0	0	0	0	0	0	0	0	0	0	0	0	0	0	0	0	0	0	0	0	0	0	0	0	0	0	0	0	0	
16/03/2022 11:49:30	0	0	8	14.99	15	0	3402	299	4.035	4.0359	18.3	0	False	-4.246666	-4.253334	-4.236667	4.25	2.9476	0.3508	4.071	4.074	-1	-0.034	4.035	0	0	0	0	0	0	0	0	0	0	0	0	0	0	0	18.3	0	0	0	0	0	0	0	0	0	0	0	0	0	0	0	0	0	0	0	0	0	0	0	0	0	0	0	0	0	0	0	0	0	0	
16/03/2022 11:49:40	0	0	8	14.98	15	0	3408	309	4.034	4.0347	18.3	0	False	-4.246666	-4.25	-4.265	4.25	2.9476	0.3626	4.071	4.072	-1	-0.034	4.034	0	0	0	0	0	0	0	0	0	0	0	0	0	0	0	18.3	0	0	0	0	0	0	0	0	0	0	0	0	0	0	0	0	0	0	0	0	0	0	0	0	0	0	0	0	0	0	0	0	0	0	
16/03/2022 11:49:50	0	0	8	14.98	15	0	3406	319	4.033	4.0335	18.3	0	False	-4.246666	-4.251667	-4.241667	4.25	2.9476	0.3744	4.071	4.071	-1	-0.034	4.033	0	0	0	0	0	0	0	0	0	0	0	0	0	0	0	18.3	0	0	0	0	0	0	0	0	0	0	0	0	0	0	0	0	0	0	0	0	0	0	0	0	0	0	0	0	0	0	0	0	0	0	
16/03/2022 11:50:00	0	0	8	14.98	15	0	3412	329	4.031	4.0322	18.3	0	False	-4.248333	-4.245	-4.241667	4.25	2.9476	0.3862	4.071	4.071	-1	-0.046	4.031	0	0	0	0	0	0	0	0	0	0	0	0	0	0	0	18.3	0	0	0	0	0	0	0	0	0	0	0	0	0	0	0	0	0	0	0	0	0	0	0	0	0	0	0	0	0	0	0	0	0	0	
16/03/2022 11:50:10	0	0	8	14.99	15	0	3414	339	4.03	4.031	18.3	0	False	-4.248333	-4.243333	-4.231667	4.25	2.9476	0.398	4.071	4.071	-1	-0.046	4.03	0	0	0	0	0	0	0	0	0	0	0	0	0	0	0	18.3	0	0	0	0	0	0	0	0	0	0	0	0	0	0	0	0	0	0	0	0	0	0	0	0	0	0	0	0	0	0	0	0	0	0	
16/03/2022 11:50:20	0	0	8	14.99	15	0	3420	349	4.029	4.0296	18.3	0	False	-4.248333	-4.245	-4.241667	4.25	2.9476	0.4098	4.06	4.071	-1	-0.034	4.029	0	0	0	0	0	0	0	0	0	0	0	0	0	0	0	18.3	0	0	0	0	0	0	0	0	0	0	0	0	0	0	0	0	0	0	0	0	0	0	0	0	0	0	0	0	0	0	0	0	0	0	
16/03/2022 11:50:30	0	0	8	14.98	15	0	3404	359	4.028	4.0285	18.3	0	False	-4.248333	-4.25	-4.241667	4.25	2.9476	0.4216	4.071	4.071	-1	-0.034	4.028	0	0	0	0	0	0	0	0	0	0	0	0	0	0	0	18.3	0	0	0	0	0	0	0	0	0	0	0	0	0	0	0	0	0	0	0	0	0	0	0	0	0	0	0	0	0	0	0	0	0	0	
16/03/2022 11:50:40	0	0	8	14.98	15	0	3410	369	4.027	4.0272	18.3	0	False	-4.246666	-4.245	-4.276667	4.25	2.9476	0.4334	4.06	4.071	-1	-0.034	4.027	0	0	0	0	0	0	0	0	0	0	0	0	0	0	0	18.3	0	0	0	0	0	0	0	0	0	0	0	0	0	0	0	0	0	0	0	0	0	0	0	0	0	0	0	0	0	0	0	0	0	0	
16/03/2022 11:50:50	0	0	8	14.98	15	0	3404	379	4.025	4.026	18.3	0	False	-4.253334	-4.253334	-4.253334	4.25	2.9476	0.4452	4.06	4.07	-1	-0.034	4.025	0	0	0	0	0	0	0	0	0	0	0	0	0	0	0	18.3	0	0	0	0	0	0	0	0	0	0	0	0	0	0	0	0	0	0	0	0	0	0	0	0	0	0	0	0	0	0	0	0	0	0	
16/03/2022 11:51:00	0	0	8	14.98	15	0	3402	389	4.024	4.0247	18.3	0	False	-4.25	-4.25	-4.231667	4.25	2.9476	0.457	4.048	4.07	-1	-0.034	4.024	0	0	0	0	0	0	0	0	0	0	0	0	0	0	0	18.3	0	0	0	0	0	0	0	0	0	0	0	0	0	0	0	0	0	0	0	0	0	0	0	0	0	0	0	0	0	0	0	0	0	0	
16/03/2022 11:51:10	0	0	8	14.99	15	0	3404	399	4.023	4.0235	18.3	0	False	-4.248333	-4.25	-4.258333	4.25	2.9476	0.4688	4.06	4.06	-1	-0.034	4.023	0	0	0	0	0	0	0	0	0	0	0	0	0	0	0	18.3	0	0	0	0	0	0	0	0	0	0	0	0	0	0	0	0	0	0	0	0	0	0	0	0	0	0	0	0	0	0	0	0	0	0	
16/03/2022 11:51:20	0	0	8	14.98	15	0	3406	408	4.021	4.0222	18.3	0	False	-4.248333	-4.25	-4.258333	4.25	2.9476	0.4806	4.06	4.06	-1	-0.046	4.021	0	0	0	0	0	0	0	0	0	0	0	0	0	0	0	18.3	0	0	0	0	0	0	0	0	0	0	0	0	0	0	0	0	0	0	0	0	0	0	0	0	0	0	0	0	0	0	0	0	0	0	
16/03/2022 11:51:30	0	0	8	14.98	15	0	3404	418	4.02	4.0209	18.3	0	False	-4.246666	-4.25	-4.22	4.25	2.9476	0.4913	4.06	4.06	-1	-0.046	4.02	0	0	0	0	0	0	0	0	0	0	0	0	0	0	0	18.3	0	0	0	0	0	0	0	0	0	0	0	0	0	0	0	0	0	0	0	0	0	0	0	0	0	0	0	0	0	0	0	0	0	0	
16/03/2022 11:51:40	0	0	8	14.99	15	0	3414	428	4.019	4.0197	18.3	0	False	-4.25	-4.245	-4.231667	4.25	2.9476	0.5031	4.048	4.06	-1	-0.034	4.019	0	0	0	0	0	0	0	0	0	0	0	0	0	0	0	18.3	0	0	0	0	0	0	0	0	0	0	0	0	0	0	0	0	0	0	0	0	0	0	0	0	0	0	0	0	0	0	0	0	0	0	
16/03/2022 11:51:50	0	0	8	14.98	15	0	3412	438	4.018	4.0185	18.3	0	False	-4.248333	-4.243333	-4.265	4.25	2.9476	0.5149	4.06	4.06	-1	-0.034	4.018	0	0	0	0	0	0	0	0	0	0	0	0	0	0	0	18.3	0	0	0	0	0	0	0	0	0	0	0	0	0	0	0	0	0	0	0	0	0	0	0	0	0	0	0	0	0	0	0	0	0	0	
16/03/2022 11:52:00	0	0	8	14.98	15	0	3402	448	4.017	4.0172	18.3	0	False	-4.243333	-4.246666	-4.241667	4.25	2.9476	0.5266	4.06	4.06	-1	-0.034	4.017	0	0	0	0	0	0	0	0	0	0	0	0	0	0	0	18.3	0	0	0	0	0	0	0	0	0	0	0	0	0	0	0	0	0	0	0	0	0	0	0	0	0	0	0	0	0	0	0	0	0	0	
16/03/2022 11:52:10	0	0	8	14.99	15	0	3408	458	4.015	4.0158	18.3	0	False	-4.245	-4.253334	-4.258333	4.25	2.9476	0.5384	4.048	4.06	-1	-0.034	4.015	0	0	0	0	0	0	0	0	0	0	0	0	0	0	0	18.3	0	0	0	0	0	0	0	0	0	0	0	0	0	0	0	0	0	0	0	0	0	0	0	0	0	0	0	0	0	0	0	0	0	0	
16/03/2022 11:52:20	0	0	8	14.99	15	0	3414	468	4.013	4.0139	18.3	0	False	-4.245	-4.243333	-4.236667	4.25	2.9476	0.5502	4.048	4.059	-1	-0.023	4.013	0	0	0	0	0	0	0	0	0	0	0	0	0	0	0	18.3	0	0	0	0	0	0	0	0	0	0	0	0	0	0	0	0	0	0	0	0	0	0	0	0	0	0	0	0	0	0	0	0	0	0	
16/03/2022 11:52:30	0	0	8	14.99	15	0	3424	478	4.012	4.0122	18.3	0	False	-4.246666	-4.241667	-4.241667	4.25	2.9476	0.562	4.048	4.05	-1	-0.034	4.012	0	0	0	0	0	0	0	0	0	0	0	0	0	0	0	18.3	0	0	0	0	0	0	0	0	0	0	0	0	0	0	0	0	0	0	0	0	0	0	0	0	0	0	0	0	0	0	0	0	0	0	
16/03/2022 11:52:40	0	0	8	14.98	15	0	3402	488	4.01	4.011	18.3	0	False	-4.25	-4.253334	-4.253334	4.25	2.9476	0.5738	4.048	4.048	-1	-0.046	4.01	0	0	0	0	0	0	0	0	0	0	0	0	0	0	0	18.3	0	0	0	0	0	0	0	0	0	0	0	0	0	0	0	0	0	0	0	0	0	0	0	0	0	0	0	0	0	0	0	0	0	0	
16/03/2022 11:52:50	0	0	8	14.99	15	0	3412	498	4.009	4.0097	18.3	0	False	-4.246666	-4.248333	-4.258333	4.25	2.9476	0.5856	4.037	4.048	-1	-0.046	4.009	0	0	0	0	0	0	0	0	0	0	0	0	0	0	0	18.3	0	0	0	0	0	0	0	0	0	0	0	0	0	0	0	0	0	0	0	0	0	0	0	0	0	0	0	0	0	0	0	0	0	0	
16/03/2022 11:53:00	0	0	8	14.98	15	0	3418	508	4.008	4.0084	18.3	0	False	-4.25	-4.24	-4.236667	4.25	2.9476	0.5974	4.037	4.048	-1	-0.046	4.008	0	0	0	0	0	0	0	0	0	0	0	0	0	0	0	18.3	0	0	0	0	0	0	0	0	0	0	0	0	0	0	0	0	0	0	0	0	0	0	0	0	0	0	0	0	0	0	0	0	0	0	
16/03/2022 11:53:10	0	0	8	14.98	15	0	3412	518	4.006	4.0069	18.3	0	False	-4.25	-4.25	-4.246666	4.25	2.9476	0.6092	4.037	4.048	-1	-0.034	4.006	0	0	0	0	0	0	0	0	0	0	0	0	0	0	0	18.3	0	0	0	0	0	0	0	0	0	0	0	0	0	0	0	0	0	0	0	0	0	0	0	0	0	0	0	0	0	0	0	0	0	0	
16/03/2022 11:53:20	0	0	8	14.99	15	0	3416	528	4.004	4.0047	18.3	0	False	-4.243333	-4.24	-4.231667	4.25	2.9476	0.621	4.037	4.048	-1	-0.034	4.004	0	0	0	0	0	0	0	0	0	0	0	0	0	0	0	18.3	0	0	0	0	0	0	0	0	0	0	0	0	0	0	0	0	0	0	0	0	0	0	0	0	0	0	0	0	0	0	0	0	0	0	
16/03/2022 11:53:30	0	0	8	14.98	15	0	3404	538	4.002	4.0025	18.3	0	False	-4.248333	-4.255	-4.258333	4.25	2.9476	0.6328	4.037	4.047	-1	-0.034	4.002	0	0	0	0	0	0	0	0	0	0	0	0	0	0	0	18.3	0	0	0	0	0	0	0	0	0	0	0	0	0	0	0	0	0	0	0	0	0	0	0	0	0	0	0	0	0	0	0	0	0	0	
16/03/2022 11:53:40	0	0	8	14.99	15	0	3410	548	4	4.0009	18.3	0	False	-4.25	-4.245	-4.241667	4.25	2.9476	0.6446	4.037	4.044	-1	-0.034	4	0	0	0	0	0	0	0	0	0	0	0	0	0	0	0	18.3	0	0	0	0	0	0	0	0	0	0	0	0	0	0	0	0	0	0	0	0	0	0	0	0	0	0	0	0	0	0	0	0	0	0	
16/03/2022 11:53:50	0	0	8	14.98	15	0	3410	558	3.998	3.9985	18.3	0	False	-4.246666	-4.246666	-4.258333	4.25	2.9476	0.6564	4.025	4.037	-1	-0.046	3.998	0	0	0	0	0	0	0	0	0	0	0	0	0	0	0	18.3	0	0	0	0	0	0	0	0	0	0	0	0	0	0	0	0	0	0	0	0	0	0	0	0	0	0	0	0	0	0	0	0	0	0	
16/03/2022 11:54:00	0	0	8	14.98	15	0	3416	568	3.996	3.9964	18.3	0	False	-4.245	-4.246666	-4.253334	4.25	2.9476	0.6682	4.025	4.037	-1	-0.034	3.996	0	0	0	0	0	0	0	0	0	0	0	0	0	0	0	18.3	0	0	0	0	0	0	0	0	0	0	0	0	0	0	0	0	0	0	0	0	0	0	0	0	0	0	0	0	0	0	0	0	0	0	
16/03/2022 11:54:10	0	0	8	14.98	15	0	3410	578	3.993	3.9942	18.3	0	False	-4.25	-4.246666	-4.241667	4.25	2.9476	0.68	4.025	4.037	-1	-0.034	3.993	0	0	0	0	0	0	0	0	0	0	0	0	0	0	0	18.3	0	0	0	0	0	0	0	0	0	0	0	0	0	0	0	0	0	0	0	0	0	0	0	0	0	0	0	0	0	0	0	0	0	0	
16/03/2022 11:54:20	0	0	8	14.98	15	0	3412	588	3.991	3.9921	18.3	0	False	-4.248333	-4.246666	-4.236667	4.25	2.9476	0.6918	4.025	4.035	-1	-0.023	3.991	0	0	0	0	0	0	0	0	0	0	0	0	0	0	0	18.3	0	0	0	0	0	0	0	0	0	0	0	0	0	0	0	0	0	0	0	0	0	0	0	0	0	0	0	0	0	0	0	0	0	0	
16/03/2022 11:54:30	0	0	8	14.98	15	0	3410	597	3.989	3.9893	18.3	0	False	-4.25	-4.25	-4.276667	4.25	2.9476	0.7036	4.025	4.025	-1	-0.034	3.989	0	0	0	0	0	0	0	0	0	0	0	0	0	0	0	18.3	0	0	0	0	0	0	0	0	0	0	0	0	0	0	0	0	0	0	0	0	0	0	0	0	0	0	0	0	0	0	0	0	0	0	
16/03/2022 11:54:40	0	0	8	14.98	15	0	3408	607	3.986	3.9868	18.3	0	False	-4.243333	-4.248333	-4.258333	4.25	2.9476	0.7142	4.014	4.025	-1	-0.046	3.986	0	0	0	0	0	0	0	0	0	0	0	0	0	0	0	18.3	0	0	0	0	0	0	0	0	0	0	0	0	0	0	0	0	0	0	0	0	0	0	0	0	0	0	0	0	0	0	0	0	0	0	
16/03/2022 11:54:50	0	0	8	14.98	15	0	3406	617	3.983	3.9835	18.3	0	False	-4.246666	-4.253334	-4.241667	4.25	2.9476	0.726	4.014	4.025	-1	-0.046	3.983	0	0	0	0	0	0	0	0	0	0	0	0	0	0	0	18.3	0	0	0	0	0	0	0	0	0	0	0	0	0	0	0	0	0	0	0	0	0	0	0	0	0	0	0	0	0	0	0	0	0	0	
16/03/2022 11:55:00	0	0	8	14.98	15	0	3404	627	3.98	3.981	18.3	0	False	-4.246666	-4.25	-4.258333	4.25	2.9476	0.7378	4.014	4.024	-1	-0.034	3.98	0	0	0	0	0	0	0	0	0	0	0	0	0	0	0	18.3	0	0	0	0	0	0	0	0	0	0	0	0	0	0	0	0	0	0	0	0	0	0	0	0	0	0	0	0	0	0	0	0	0	0	
16/03/2022 11:55:10	0	0	8	14.99	15	0	3414	637	3.977	3.9782	18.3	0	False	-4.245	-4.241667	-4.231667	4.25	2.9476	0.7496	4.014	4.014	-1	-0.034	3.977	0	0	0	0	0	0	0	0	0	0	0	0	0	0	0	18.3	0	0	0	0	0	0	0	0	0	0	0	0	0	0	0	0	0	0	0	0	0	0	0	0	0	0	0	0	0	0	0	0	0	0	
16/03/2022 11:55:20	0	0	8	14.98	15	0	3416	647	3.974	3.9747	18.3	0	False	-4.245	-4.241667	-4.241667	4.25	2.9476	0.7614	4.002	4.014	-1	-0.034	3.974	0	0	0	0	0	0	0	0	0	0	0	0	0	0	0	18.3	0	0	0	0	0	0	0	0	0	0	0	0	0	0	0	0	0	0	0	0	0	0	0	0	0	0	0	0	0	0	0	0	0	0	
16/03/2022 11:55:30	0	0	8	14.98	15	0	3410	657	3.971	3.9721	18.3	0	False	-4.246666	-4.243333	-4.258333	4.25	2.9476	0.7732	4.014	4.014	-1	-0.046	3.971	0	0	0	0	0	0	0	0	0	0	0	0	0	0	0	18.3	0	0	0	0	0	0	0	0	0	0	0	0	0	0	0	0	0	0	0	0	0	0	0	0	0	0	0	0	0	0	0	0	0	0	
16/03/2022 11:55:40	0	0	8	14.98	15	0	3412	667	3.968	3.9685	18.3	0	False	-4.248333	-4.248333	-4.241667	4.25	2.9476	0.785	4.002	4.012	-1	-0.034	3.968	0	0	0	0	0	0	0	0	0	0	0	0	0	0	0	18.3	0	0	0	0	0	0	0	0	0	0	0	0	0	0	0	0	0	0	0	0	0	0	0	0	0	0	0	0	0	0	0	0	0	0	
16/03/2022 11:55:50	0	0	8	14.98	15	0	3414	677	3.965	3.9653	18.3	0	False	-4.246666	-4.241667	-4.241667	4.25	2.9476	0.7968	3.991	4.002	-1	-0.034	3.965	0	0	0	0	0	0	0	0	0	0	0	0	0	0	0	18.3	0	0	0	0	0	0	0	0	0	0	0	0	0	0	0	0	0	0	0	0	0	0	0	0	0	0	0	0	0	0	0	0	0	0	
16/03/2022 11:56:00	0	0	8	14.98	15	0	3396	687	3.961	3.9617	18.3	0	False	-4.248333	-4.255	-4.253334	4.25	2.9476	0.8086	3.991	4.002	-1	-0.034	3.961	0	0	0	0	0	0	0	0	0	0	0	0	0	0	0	18.3	0	0	0	0	0	0	0	0	0	0	0	0	0	0	0	0	0	0	0	0	0	0	0	0	0	0	0	0	0	0	0	0	0	0	
16/03/2022 11:56:10	0	0	8	14.98	15	0	3412	697	3.958	3.9582	18.3	0	False	-4.246666	-4.248333	-4.258333	4.25	2.9476	0.8204	3.991	4	-1	-0.034	3.958	0	0	0	0	0	0	0	0	0	0	0	0	0	0	0	18.3	0	0	0	0	0	0	0	0	0	0	0	0	0	0	0	0	0	0	0	0	0	0	0	0	0	0	0	0	0	0	0	0	0	0	
16/03/2022 11:56:20	0	0	8	14.98	15	0	3412	707	3.954	3.9547	18.3	0	False	-4.243333	-4.243333	-4.265	4.25	2.9476	0.8322	3.979	3.991	-1	-0.034	3.954	0	0	0	0	0	0	0	0	0	0	0	0	0	0	0	18.3	0	0	0	0	0	0	0	0	0	0	0	0	0	0	0	0	0	0	0	0	0	0	0	0	0	0	0	0	0	0	0	0	0	0	
16/03/2022 11:56:30	0	0	8	14.98	15	0	3410	717	3.95	3.9507	18.3	0	False	-4.245	-4.245	-4.236667	4.25	2.9476	0.844	3.991	3.991	-1	-0.034	3.95	0	0	0	0	0	0	0	0	0	0	0	0	0	0	0	18.3	0	0	0	0	0	0	0	0	0	0	0	0	0	0	0	0	0	0	0	0	0	0	0	0	0	0	0	0	0	0	0	0	0	0	
16/03/2022 11:56:40	0	0	8	14.98	15	0	3406	727	3.947	3.9472	18.3	0	False	-4.246666	-4.253334	-4.258333	4.25	2.9476	0.8558	3.979	3.988	-1	-0.023	3.947	0	0	0	0	0	0	0	0	0	0	0	0	0	0	0	18.3	0	0	0	0	0	0	0	0	0	0	0	0	0	0	0	0	0	0	0	0	0	0	0	0	0	0	0	0	0	0	0	0	0	0	
16/03/2022 11:56:50	0	0	8	14.98	15	0	3404	737	3.941	3.9421	18.3	0	False	-4.246666	-4.251667	-4.258333	4.25	2.9476	0.8676	3.979	3.979	-1	-0.034	3.941	0	0	0	0	0	0	0	0	0	0	0	0	0	0	0	18.3	0	0	0	0	0	0	0	0	0	0	0	0	0	0	0	0	0	0	0	0	0	0	0	0	0	0	0	0	0	0	0	0	0	0	
16/03/2022 11:57:00	0	0	8	14.98	15	0	3406	747	3.938	3.9385	18.3	0	False	-4.251667	-4.25	-4.241667	4.25	2.9476	0.8794	3.968	3.979	-1	-0.034	3.938	0	0	0	0	0	0	0	0	0	0	0	0	0	0	0	18.3	0	0	0	0	0	0	0	0	0	0	0	0	0	0	0	0	0	0	0	0	0	0	0	0	0	0	0	0	0	0	0	0	0	0	
16/03/2022 11:57:10	0	0	8	14.98	15	0	3400	757	3.934	3.9347	18.3	0	False	-4.25	-4.255	-4.246666	4.25	2.9476	0.8912	3.968	3.976	-1	-0.034	3.934	0	0	0	0	0	0	0	0	0	0	0	0	0	0	0	18.3	0	0	0	0	0	0	0	0	0	0	0	0	0	0	0	0	0	0	0	0	0	0	0	0	0	0	0	0	0	0	0	0	0	0	
16/03/2022 11:57:20	0	0	8	14.98	15	0	3406	767	3.93	3.931	18.3	0	False	-4.246666	-4.25	-4.253334	4.25	2.9476	0.903	3.968	3.968	-1	-0.034	3.93	0	0	0	0	0	0	0	0	0	0	0	0	0	0	0	18.3	0	0	0	0	0	0	0	0	0	0	0	0	0	0	0	0	0	0	0	0	0	0	0	0	0	0	0	0	0	0	0	0	0	0	
16/03/2022 11:57:30	0	0	8	14.99	15	0	3408	777	3.926	3.927	18.3	0	False	-4.246666	-4.246666	-4.258333	4.25	2.9476	0.9147	3.968	3.968	-1	-0.034	3.926	0	0	0	0	0	0	0	0	0	0	0	0	0	0	0	18.3	0	0	0	0	0	0	0	0	0	0	0	0	0	0	0	0	0	0	0	0	0	0	0	0	0	0	0	0	0	0	0	0	0	0	
16/03/2022 11:57:40	0	0	8	14.98	15	0	3410	786	3.923	3.9235	18.3	0	False	-4.246666	-4.246666	-4.265	4.25	2.9476	0.9265	3.956	3.966	-1	-0.034	3.923	0	0	0	0	0	0	0	0	0	0	0	0	0	0	0	18.3	0	0	0	0	0	0	0	0	0	0	0	0	0	0	0	0	0	0	0	0	0	0	0	0	0	0	0	0	0	0	0	0	0	0	
16/03/2022 11:57:50	0	0	8	14.99	15	0	3404	796	3.919	3.9196	18.3	0	False	-4.241667	-4.253334	-4.258333	4.25	2.9476	0.9371	3.956	3.956	-1	-0.034	3.919	0	0	0	0	0	0	0	0	0	0	0	0	0	0	0	18.3	0	0	0	0	0	0	0	0	0	0	0	0	0	0	0	0	0	0	0	0	0	0	0	0	0	0	0	0	0	0	0	0	0	0	
16/03/2022 11:58:00	0	0	8	14.98	15	0	3406	806	3.915	3.9159	18.3	0	False	-4.248333	-4.248333	-4.253334	4.25	2.9476	0.9489	3.956	3.956	-1	-0.034	3.915	0	0	0	0	0	0	0	0	0	0	0	0	0	0	0	18.3	0	0	0	0	0	0	0	0	0	0	0	0	0	0	0	0	0	0	0	0	0	0	0	0	0	0	0	0	0	0	0	0	0	0	
16/03/2022 11:58:10	0	0	8	14.98	15	0	3412	816	3.912	3.9122	18.3	0	False	-4.248333	-4.24	-4.22	4.25	2.9476	0.9607	3.933	3.955	-1	-0.034	3.912	0	0	0	0	0	0	0	0	0	0	0	0	0	0	0	18.3	0	0	0	0	0	0	0	0	0	0	0	0	0	0	0	0	0	0	0	0	0	0	0	0	0	0	0	0	0	0	0	0	0	0	
16/03/2022 11:58:20	0	0	8	14.98	15	0	3406	826	3.908	3.9085	18.3	0	False	-4.246666	-4.25	-4.241667	4.25	2.9476	0.9725	3.945	3.945	-1	-0.034	3.908	0	0	0	0	0	0	0	0	0	0	0	0	0	0	0	18.3	0	0	0	0	0	0	0	0	0	0	0	0	0	0	0	0	0	0	0	0	0	0	0	0	0	0	0	0	0	0	0	0	0	0	
16/03/2022 11:58:30	0	0	8	14.99	15	0	3396	836	3.904	3.9047	18.3	0	False	-4.246666	-4.253334	-4.253334	4.25	2.9476	0.9843	3.933	3.945	-1	-0.034	3.904	0	0	0	0	0	0	0	0	0	0	0	0	0	0	0	18.3	0	0	0	0	0	0	0	0	0	0	0	0	0	0	0	0	0	0	0	0	0	0	0	0	0	0	0	0	0	0	0	0	0	0	
16/03/2022 11:58:40	0	0	8	14.98	15	0	3418	846	3.901	3.9017	18.3	0	False	-4.246666	-4.24	-4.236667	4.25	2.9476	0.9961	3.933	3.944	-1	-0.034	3.901	0	0	0	0	0	0	0	0	0	0	0	0	0	0	0	18.3	0	0	0	0	0	0	0	0	0	0	0	0	0	0	0	0	0	0	0	0	0	0	0	0	0	0	0	0	0	0	0	0	0	0	
16/03/2022 11:58:50	0	0	8	14.98	15	0	3410	856	3.898	3.8983	18.3	0	False	-4.25	-4.245	-4.258333	4.25	2.9476	1.0079	3.933	3.933	-1	-0.023	3.898	0	0	0	0	0	0	0	0	0	0	0	0	0	0	0	18.3	0	0	0	0	0	0	0	0	0	0	0	0	0	0	0	0	0	0	0	0	0	0	0	0	0	0	0	0	0	0	0	0	0	0	
16/03/2022 11:59:00	0	0	8	14.98	15	0	3408	866	3.894	3.8947	18.3	0	False	-4.248333	-4.246666	-4.241667	4.25	2.9476	1.0198	3.922	3.933	-1	-0.046	3.894	0	0	0	0	0	0	0	0	0	0	0	0	0	0	0	18.3	0	0	0	0	0	0	0	0	0	0	0	0	0	0	0	0	0	0	0	0	0	0	0	0	0	0	0	0	0	0	0	0	0	0	
16/03/2022 11:59:10	0	0	8	14.98	15	0	3418	876	3.89	3.8909	18.3	0	False	-4.25	-4.246666	-4.236667	4.25	2.9476	1.0315	3.922	3.933	-1	-0.034	3.89	0	0	0	0	0	0	0	0	0	0	0	0	0	0	0	18.3	0	0	0	0	0	0	0	0	0	0	0	0	0	0	0	0	0	0	0	0	0	0	0	0	0	0	0	0	0	0	0	0	0	0	
16/03/2022 11:59:20	0	0	8	14.98	15	0	3412	886	3.887	3.8881	18.3	0	False	-4.246666	-4.248333	-4.265	4.25	2.9476	1.0433	3.91	3.922	-1	-0.034	3.887	0	0	0	0	0	0	0	0	0	0	0	0	0	0	0	18.3	0	0	0	0	0	0	0	0	0	0	0	0	0	0	0	0	0	0	0	0	0	0	0	0	0	0	0	0	0	0	0	0	0	0	
