DateTime	SlaveNum	Cycle	Mode	SupplyVolts	LSupplyVolts	SupplyAmps	PWM	SecTimer	AvgCellVolts	MaxCellVolts	AvgIR	FallBackVolts	CVStarted	SlowAmps	AvgAmps	FastAmps	SetAmps	AhrIN	AhrOUT	PackVolts	AvgPackVolts	Fuel1	SumError	Cell1Volts	Cell2Volts	Cell3Volts	Cell4Volts	Cell5Volts	Cell6Volts	Cell7Volts	Cell8Volts	Cell9Volts	Cell10Volts	Cell11Volts	Cell12Volts	Cell13Volts	Cell14Volts	Cell15Volts	Cell16Volts	Cell1IR	Cell2IR	Cell3IR	Cell4IR	Cell5IR	Cell6IR	Cell7IR	Cell8IR	Cell9IR	Cell10IR	Cell11IR	Cell12IR	Cell13IR	Cell14IR	Cell15IR	Cell16IR	BP1PWM	BP2PWM	BP3PWM	BP4PWM	BP5PWM	BP6PWM	BP7PWM	BP8PWM	BP9PWM	BP10PWM	BP11PWM	BP12PWM	BP13PWM	BP14PWM	BP15PWM	BP16PWM	Debug1	Debug2	Debug3	
09/03/2022 11:31:15	0	0	6	14.99	15.03	0	1841	10	3.354	3.3546	0	0	False	0	0	0.005	4.2	0	0	3.383	3.383	47.6	-0.034	3.354	0	0	0	0	0	0	0	0	0	0	0	0	0	0	0	0	0	0	0	0	0	0	0	0	0	0	0	0	0	0	0	0	0	0	0	0	0	0	0	0	0	0	0	0	0	0	0	0	0	0	
09/03/2022 11:31:19	0	0	6	15.02	15.03	1.3	2043	13	3.368	3.3646	0	0	False	0	0.36	5.108333	4.2	0	0	3.394	3.394	47.7	-0.034	3.368	0	0	0	0	0	0	0	0	0	0	0	0	0	0	0	16.4	0	0	0	0	0	0	0	0	0	0	0	0	0	0	0	0	0	0	0	0	0	0	0	0	0	0	0	0	0	0	0	0	0	0	
09/03/2022 11:31:29	0	0	6	15.02	15.03	1	2035	23	3.405	3.4071	15.9	0	False	3.971667	4.165	4.15	4.2	0.0119	0	3.429	3.429	49.6	-0.023	3.405	0	0	0	0	0	0	0	0	0	0	0	0	0	0	0	15.9	0	0	0	0	0	0	0	0	0	0	0	0	0	0	0	0	0	0	0	0	0	0	0	0	0	0	0	0	0	0	0	0	0	0	
09/03/2022 11:31:39	0	0	6	15.02	15.03	1.1	2047	33	3.428	3.4283	16	0	False	4.063334	4.171667	4.121666	4.2	0.0235	0	3.452	3.452	50.7	-0.023	3.428	0	0	0	0	0	0	0	0	0	0	0	0	0	0	0	16	0	0	0	0	0	0	0	0	0	0	0	0	0	0	0	0	0	0	0	0	0	0	0	0	0	0	0	0	0	0	0	0	0	0	
09/03/2022 11:31:49	0	0	6	15.02	15.03	1.1	2053	42	3.443	3.4433	16	0	False	4.111667	4.168334	4.163333	4.2	0.034	0	3.475	3.475	51.4	-0.034	3.443	0	0	0	0	0	0	0	0	0	0	0	0	0	0	0	16	0	0	0	0	0	0	0	0	0	0	0	0	0	0	0	0	0	0	0	0	0	0	0	0	0	0	0	0	0	0	0	0	0	0	
09/03/2022 11:31:59	0	0	6	15.02	15.03	1.1	2061	53	3.455	3.4546	15.9	0	False	4.136667	4.18	4.173333	4.2	0.0468	0	3.486	3.486	52.1	-0.034	3.455	0	0	0	0	0	0	0	0	0	0	0	0	0	0	0	15.9	0	0	0	0	0	0	0	0	0	0	0	0	0	0	0	0	0	0	0	0	0	0	0	0	0	0	0	0	0	0	0	0	0	0	
09/03/2022 11:32:09	0	0	6	15.02	15.03	1.1	2067	63	3.464	3.4633	16	0	False	4.158333	4.171667	4.171667	4.2	0.0584	0	3.486	3.486	52.5	-0.023	3.464	0	0	0	0	0	0	0	0	0	0	0	0	0	0	0	16	0	0	0	0	0	0	0	0	0	0	0	0	0	0	0	0	0	0	0	0	0	0	0	0	0	0	0	0	0	0	0	0	0	0	
09/03/2022 11:32:19	0	0	6	15.02	15.03	1.1	2071	73	3.469	3.4696	15.8	0	False	4.175	4.178333	4.206666	4.2	0.07	0	3.498	3.498	52.8	-0.034	3.469	0	0	0	0	0	0	0	0	0	0	0	0	0	0	0	15.8	0	0	0	0	0	0	0	0	0	0	0	0	0	0	0	0	0	0	0	0	0	0	0	0	0	0	0	0	0	0	0	0	0	0	
09/03/2022 11:32:29	0	0	6	15.02	15.03	1.1	2075	83	3.474	3.4746	16.1	0	False	4.183333	4.205	4.218333	4.2	0.0817	0	3.498	3.502	52.9	-0.023	3.474	0	0	0	0	0	0	0	0	0	0	0	0	0	0	0	16.1	0	0	0	0	0	0	0	0	0	0	0	0	0	0	0	0	0	0	0	0	0	0	0	0	0	0	0	0	0	0	0	0	0	0	
09/03/2022 11:32:39	0	0	6	15.03	15.03	1.1	2075	93	3.478	3.4783	16.2	0	False	4.186666	4.171667	4.113333	4.2	0.0933	0	3.509	3.509	53.1	-0.023	3.478	0	0	0	0	0	0	0	0	0	0	0	0	0	0	0	16.2	0	0	0	0	0	0	0	0	0	0	0	0	0	0	0	0	0	0	0	0	0	0	0	0	0	0	0	0	0	0	0	0	0	0	
09/03/2022 11:32:49	0	0	6	15.02	15.03	1.1	2077	103	3.481	3.4821	16.3	0	False	4.19	4.198333	4.21	4.2	0.105	0	3.509	3.509	53.3	-0.034	3.481	0	0	0	0	0	0	0	0	0	0	0	0	0	0	0	16.3	0	0	0	0	0	0	0	0	0	0	0	0	0	0	0	0	0	0	0	0	0	0	0	0	0	0	0	0	0	0	0	0	0	0	
09/03/2022 11:32:59	0	0	6	15.02	15.03	1.1	2079	113	3.484	3.4852	16.2	0	False	4.178333	4.155	4.155	4.2	0.1166	0	3.509	3.511	53.6	-0.034	3.484	0	0	0	0	0	0	0	0	0	0	0	0	0	0	0	16.2	0	0	0	0	0	0	0	0	0	0	0	0	0	0	0	0	0	0	0	0	0	0	0	0	0	0	0	0	0	0	0	0	0	0	
09/03/2022 11:33:09	0	0	6	15.03	15.03	1.1	2081	123	3.488	3.489	16.4	0	False	4.188334	4.205	4.196667	4.2	0.1283	0	3.521	3.521	53.7	-0.023	3.488	0	0	0	0	0	0	0	0	0	0	0	0	0	0	0	16.4	0	0	0	0	0	0	0	0	0	0	0	0	0	0	0	0	0	0	0	0	0	0	0	0	0	0	0	0	0	0	0	0	0	0	
09/03/2022 11:33:19	0	0	6	15.03	15.03	1.1	2083	133	3.491	3.4921	16.3	0	False	4.19	4.163333	4.196667	4.2	0.1399	0	3.521	3.521	53.8	-0.034	3.491	0	0	0	0	0	0	0	0	0	0	0	0	0	0	0	16.3	0	0	0	0	0	0	0	0	0	0	0	0	0	0	0	0	0	0	0	0	0	0	0	0	0	0	0	0	0	0	0	0	0	0	
09/03/2022 11:33:29	0	0	6	15.02	15.03	1.1	2085	143	3.495	3.4959	16.4	0	False	4.193333	4.221667	4.21	4.2	0.1516	0	3.521	3.531	54.1	-0.034	3.495	0	0	0	0	0	0	0	0	0	0	0	0	0	0	0	16.4	0	0	0	0	0	0	0	0	0	0	0	0	0	0	0	0	0	0	0	0	0	0	0	0	0	0	0	0	0	0	0	0	0	0	
09/03/2022 11:33:39	0	0	6	15.03	15.03	1.1	2087	153	3.498	3.4996	16.4	0	False	4.19	4.208333	4.25	4.2	0.1632	0	3.532	3.532	54.2	-0.034	3.498	0	0	0	0	0	0	0	0	0	0	0	0	0	0	0	16.4	0	0	0	0	0	0	0	0	0	0	0	0	0	0	0	0	0	0	0	0	0	0	0	0	0	0	0	0	0	0	0	0	0	0	
09/03/2022 11:33:50	0	0	6	15.03	15.03	1.1	2089	163	3.501	3.5021	16.4	0	False	4.19	4.22	4.206666	4.2	0.1748	0	3.532	3.532	54.3	-0.034	3.501	0	0	0	0	0	0	0	0	0	0	0	0	0	0	0	16.4	0	0	0	0	0	0	0	0	0	0	0	0	0	0	0	0	0	0	0	0	0	0	0	0	0	0	0	0	0	0	0	0	0	0	
09/03/2022 11:34:00	0	0	6	15.03	15.03	1.1	2091	173	3.505	3.5059	16.5	0	False	4.198333	4.186666	4.176667	4.2	0.1865	0	3.532	3.534	54.6	-0.034	3.505	0	0	0	0	0	0	0	0	0	0	0	0	0	0	0	16.5	0	0	0	0	0	0	0	0	0	0	0	0	0	0	0	0	0	0	0	0	0	0	0	0	0	0	0	0	0	0	0	0	0	0	
09/03/2022 11:34:10	0	0	6	15.03	15.03	1.1	2091	183	3.508	3.5087	16.3	0	False	4.193333	4.193333	4.125	4.2	0.1981	0	3.532	3.544	54.7	-0.034	3.508	0	0	0	0	0	0	0	0	0	0	0	0	0	0	0	16.3	0	0	0	0	0	0	0	0	0	0	0	0	0	0	0	0	0	0	0	0	0	0	0	0	0	0	0	0	0	0	0	0	0	0	
09/03/2022 11:34:20	0	0	6	15.03	15.03	1.1	2093	193	3.511	3.5121	16.3	0	False	4.201667	4.196667	4.206666	4.2	0.2098	0	3.544	3.544	54.8	-0.034	3.511	0	0	0	0	0	0	0	0	0	0	0	0	0	0	0	16.3	0	0	0	0	0	0	0	0	0	0	0	0	0	0	0	0	0	0	0	0	0	0	0	0	0	0	0	0	0	0	0	0	0	0	
09/03/2022 11:34:30	0	0	6	15.03	15.03	1.1	2097	203	3.514	3.5157	16.3	0	False	4.191667	4.176667	4.26	4.2	0.2214	0	3.544	3.544	55.1	-0.034	3.514	0	0	0	0	0	0	0	0	0	0	0	0	0	0	0	16.3	0	0	0	0	0	0	0	0	0	0	0	0	0	0	0	0	0	0	0	0	0	0	0	0	0	0	0	0	0	0	0	0	0	0	
09/03/2022 11:34:40	0	0	6	15.02	15.03	1.1	2099	213	3.518	3.5184	16.2	0	False	4.198333	4.181667	4.155	4.2	0.2331	0	3.544	3.549	55.2	-0.023	3.518	0	0	0	0	0	0	0	0	0	0	0	0	0	0	0	16.2	0	0	0	0	0	0	0	0	0	0	0	0	0	0	0	0	0	0	0	0	0	0	0	0	0	0	0	0	0	0	0	0	0	0	
09/03/2022 11:34:50	0	0	6	15.03	15.03	1.1	2101	223	3.521	3.5221	16.3	0	False	4.191667	4.231667	4.231667	4.2	0.2447	0	3.544	3.555	55.3	-0.034	3.521	0	0	0	0	0	0	0	0	0	0	0	0	0	0	0	16.3	0	0	0	0	0	0	0	0	0	0	0	0	0	0	0	0	0	0	0	0	0	0	0	0	0	0	0	0	0	0	0	0	0	0	
09/03/2022 11:35:00	0	0	6	15.02	15.03	1.1	2101	233	3.525	3.5259	16.2	0	False	4.203333	4.195	4.155	4.2	0.2564	0	3.544	3.555	55.5	-0.034	3.525	0	0	0	0	0	0	0	0	0	0	0	0	0	0	0	16.2	0	0	0	0	0	0	0	0	0	0	0	0	0	0	0	0	0	0	0	0	0	0	0	0	0	0	0	0	0	0	0	0	0	0	
09/03/2022 11:35:10	0	0	6	15.02	15.03	1.1	2103	243	3.528	3.5296	16.1	0	False	4.191667	4.18	4.165	4.2	0.268	0	3.555	3.556	55.7	-0.034	3.528	0	0	0	0	0	0	0	0	0	0	0	0	0	0	0	16.1	0	0	0	0	0	0	0	0	0	0	0	0	0	0	0	0	0	0	0	0	0	0	0	0	0	0	0	0	0	0	0	0	0	0	
09/03/2022 11:35:20	0	0	6	15.02	15.03	1.1	2107	253	3.532	3.5323	16.2	0	False	4.203333	4.206666	4.206666	4.2	0.2798	0	3.566	3.566	55.8	-0.023	3.532	0	0	0	0	0	0	0	0	0	0	0	0	0	0	0	16.2	0	0	0	0	0	0	0	0	0	0	0	0	0	0	0	0	0	0	0	0	0	0	0	0	0	0	0	0	0	0	0	0	0	0	
09/03/2022 11:35:30	0	0	6	15.02	15.03	1.1	2107	263	3.536	3.5371	16.2	0	False	4.196667	4.173333	4.146667	4.2	0.2914	0	3.566	3.566	56.1	-0.034	3.536	0	0	0	0	0	0	0	0	0	0	0	0	0	0	0	16.2	0	0	0	0	0	0	0	0	0	0	0	0	0	0	0	0	0	0	0	0	0	0	0	0	0	0	0	0	0	0	0	0	0	0	
09/03/2022 11:35:40	0	0	6	15.02	15.03	1.1	2109	273	3.54	3.5409	15.9	0	False	4.206666	4.206666	4.206666	4.2	0.3031	0	3.566	3.567	56.3	-0.023	3.54	0	0	0	0	0	0	0	0	0	0	0	0	0	0	0	15.9	0	0	0	0	0	0	0	0	0	0	0	0	0	0	0	0	0	0	0	0	0	0	0	0	0	0	0	0	0	0	0	0	0	0	
09/03/2022 11:35:50	0	0	6	15.02	15.03	1.1	2111	283	3.544	3.5446	16	0	False	4.188334	4.161667	4.165	4.2	0.3147	0	3.566	3.578	56.5	-0.023	3.544	0	0	0	0	0	0	0	0	0	0	0	0	0	0	0	16	0	0	0	0	0	0	0	0	0	0	0	0	0	0	0	0	0	0	0	0	0	0	0	0	0	0	0	0	0	0	0	0	0	0	
09/03/2022 11:36:00	0	0	6	15.03	15.03	1.1	2113	293	3.548	3.5484	15.9	0	False	4.195	4.2	4.218333	4.2	0.3275	0	3.578	3.578	56.7	-0.046	3.548	0	0	0	0	0	0	0	0	0	0	0	0	0	0	0	15.9	0	0	0	0	0	0	0	0	0	0	0	0	0	0	0	0	0	0	0	0	0	0	0	0	0	0	0	0	0	0	0	0	0	0	
09/03/2022 11:36:10	0	0	6	15.03	15.03	1.1	2115	304	3.551	3.5521	15.9	0	False	4.178333	4.173333	4.178333	4.2	0.339	0	3.578	3.583	56.8	-0.023	3.551	0	0	0	0	0	0	0	0	0	0	0	0	0	0	0	15.9	0	0	0	0	0	0	0	0	0	0	0	0	0	0	0	0	0	0	0	0	0	0	0	0	0	0	0	0	0	0	0	0	0	0	
09/03/2022 11:36:20	0	0	6	15.03	15.03	1.1	2119	314	3.555	3.5559	15.9	0	False	4.195	4.201667	4.218333	4.2	0.3508	0	3.589	3.589	57.1	-0.034	3.555	0	0	0	0	0	0	0	0	0	0	0	0	0	0	0	15.9	0	0	0	0	0	0	0	0	0	0	0	0	0	0	0	0	0	0	0	0	0	0	0	0	0	0	0	0	0	0	0	0	0	0	
09/03/2022 11:36:31	0	0	6	15.03	15.03	1.1	2121	324	3.559	3.5596	15.8	0	False	4.185	4.168334	4.113333	4.2	0.3624	0	3.589	3.589	57.2	-0.034	3.559	0	0	0	0	0	0	0	0	0	0	0	0	0	0	0	15.8	0	0	0	0	0	0	0	0	0	0	0	0	0	0	0	0	0	0	0	0	0	0	0	0	0	0	0	0	0	0	0	0	0	0	
09/03/2022 11:36:41	0	0	6	15.03	15.03	1.1	2123	334	3.563	3.5634	16	0	False	4.2	4.198333	4.176667	4.2	0.3741	0	3.589	3.593	57.4	-0.034	3.563	0	0	0	0	0	0	0	0	0	0	0	0	0	0	0	16	0	0	0	0	0	0	0	0	0	0	0	0	0	0	0	0	0	0	0	0	0	0	0	0	0	0	0	0	0	0	0	0	0	0	
09/03/2022 11:36:51	0	0	6	15.03	15.03	1.1	2123	344	3.566	3.5671	15.8	0	False	4.186666	4.193333	4.255	4.2	0.3857	0	3.601	3.601	57.6	-0.034	3.566	0	0	0	0	0	0	0	0	0	0	0	0	0	0	0	15.8	0	0	0	0	0	0	0	0	0	0	0	0	0	0	0	0	0	0	0	0	0	0	0	0	0	0	0	0	0	0	0	0	0	0	
09/03/2022 11:37:01	0	0	6	15.03	15.03	1.1	2123	353	3.569	3.5706	15.9	0	False	4.198333	4.206666	4.206666	4.2	0.3962	0	3.601	3.601	57.8	-0.034	3.569	0	0	0	0	0	0	0	0	0	0	0	0	0	0	0	15.9	0	0	0	0	0	0	0	0	0	0	0	0	0	0	0	0	0	0	0	0	0	0	0	0	0	0	0	0	0	0	0	0	0	0	
09/03/2022 11:37:11	0	0	6	15.03	15.03	1.1	2127	364	3.574	3.5746	15.8	0	False	4.183333	4.208333	4.26	4.2	0.409	0	3.601	3.601	57.9	-0.034	3.574	0	0	0	0	0	0	0	0	0	0	0	0	0	0	0	15.8	0	0	0	0	0	0	0	0	0	0	0	0	0	0	0	0	0	0	0	0	0	0	0	0	0	0	0	0	0	0	0	0	0	0	
09/03/2022 11:37:21	0	0	6	15.02	15.03	1.1	2131	374	3.577	3.5779	16	0	False	4.195	4.193333	4.176667	4.2	0.4207	0	3.601	3.611	58.2	-0.023	3.577	0	0	0	0	0	0	0	0	0	0	0	0	0	0	0	16	0	0	0	0	0	0	0	0	0	0	0	0	0	0	0	0	0	0	0	0	0	0	0	0	0	0	0	0	0	0	0	0	0	0	
09/03/2022 11:37:31	0	0	6	15.03	15.03	1.1	2133	384	3.581	3.5821	16	0	False	4.185	4.166667	4.158333	4.2	0.4323	0	3.612	3.612	58.3	-0.034	3.581	0	0	0	0	0	0	0	0	0	0	0	0	0	0	0	16	0	0	0	0	0	0	0	0	0	0	0	0	0	0	0	0	0	0	0	0	0	0	0	0	0	0	0	0	0	0	0	0	0	0	
09/03/2022 11:37:41	0	0	6	15.03	15.03	1.1	2133	394	3.585	3.5859	15.9	0	False	4.196667	4.198333	4.206666	4.2	0.444	0	3.612	3.613	58.6	-0.034	3.585	0	0	0	0	0	0	0	0	0	0	0	0	0	0	0	15.9	0	0	0	0	0	0	0	0	0	0	0	0	0	0	0	0	0	0	0	0	0	0	0	0	0	0	0	0	0	0	0	0	0	0	
09/03/2022 11:37:51	0	0	6	15.03	15.03	1.1	2135	404	3.588	3.589	15.8	0	False	4.19	4.22	4.218333	4.2	0.4556	0	3.612	3.624	58.7	-0.023	3.588	0	0	0	0	0	0	0	0	0	0	0	0	0	0	0	15.8	0	0	0	0	0	0	0	0	0	0	0	0	0	0	0	0	0	0	0	0	0	0	0	0	0	0	0	0	0	0	0	0	0	0	
09/03/2022 11:38:01	0	0	6	15.03	15.03	1.1	2139	414	3.592	3.5929	15.8	0	False	4.196667	4.193333	4.218333	4.2	0.4673	0	3.624	3.624	58.9	-0.023	3.592	0	0	0	0	0	0	0	0	0	0	0	0	0	0	0	15.8	0	0	0	0	0	0	0	0	0	0	0	0	0	0	0	0	0	0	0	0	0	0	0	0	0	0	0	0	0	0	0	0	0	0	
09/03/2022 11:38:11	0	0	6	15.03	15.03	1.1	2139	424	3.595	3.5962	15.9	0	False	4.19	4.216667	4.17	4.2	0.479	0	3.624	3.624	59.1	-0.034	3.595	0	0	0	0	0	0	0	0	0	0	0	0	0	0	0	15.9	0	0	0	0	0	0	0	0	0	0	0	0	0	0	0	0	0	0	0	0	0	0	0	0	0	0	0	0	0	0	0	0	0	0	
09/03/2022 11:38:21	0	0	6	15.03	15.03	1.1	2141	434	3.599	3.5996	15.9	0	False	4.2	4.193333	4.038333	4.2	0.4906	0	3.624	3.632	59.3	-0.023	3.599	0	0	0	0	0	0	0	0	0	0	0	0	0	0	0	15.9	0	0	0	0	0	0	0	0	0	0	0	0	0	0	0	0	0	0	0	0	0	0	0	0	0	0	0	0	0	0	0	0	0	0	
09/03/2022 11:38:31	0	0	6	15.03	15.03	1.1	2145	444	3.602	3.6034	15.8	0	False	4.188334	4.156667	4.255	4.2	0.5023	0	3.635	3.635	59.4	-0.034	3.602	0	0	0	0	0	0	0	0	0	0	0	0	0	0	0	15.8	0	0	0	0	0	0	0	0	0	0	0	0	0	0	0	0	0	0	0	0	0	0	0	0	0	0	0	0	0	0	0	0	0	0	
09/03/2022 11:38:41	0	0	6	15.03	15.03	1.1	2145	452	3.605	3.6059	15.8	0	False	4.198333	4.208333	4.08	4.2	0.5117	0	3.635	3.635	59.6	-0.034	3.605	0	0	0	0	0	0	0	0	0	0	0	0	0	0	0	15.8	0	0	0	0	0	0	0	0	0	0	0	0	0	0	0	0	0	0	0	0	0	0	0	0	0	0	0	0	0	0	0	0	0	0	
09/03/2022 11:38:51	0	0	6	15.02	15.03	1.1	2145	464	3.609	3.6096	15.9	0	False	4.188334	4.171667	4.021667	4.2	0.5256	0	3.635	3.647	59.8	-0.034	3.609	0	0	0	0	0	0	0	0	0	0	0	0	0	0	0	15.9	0	0	0	0	0	0	0	0	0	0	0	0	0	0	0	0	0	0	0	0	0	0	0	0	0	0	0	0	0	0	0	0	0	0	
09/03/2022 11:39:02	0	0	6	15.03	15.03	1.1	2151	474	3.612	3.6134	16.1	0	False	4.188334	4.218333	4.08	4.2	0.5373	0	3.647	3.647	59.8	-0.034	3.612	0	0	0	0	0	0	0	0	0	0	0	0	0	0	0	16.1	0	0	0	0	0	0	0	0	0	0	0	0	0	0	0	0	0	0	0	0	0	0	0	0	0	0	0	0	0	0	0	0	0	0	
09/03/2022 11:39:12	0	0	6	15.03	15.03	1.1	2153	484	3.615	3.6162	16	0	False	4.191667	4.181667	4.291667	4.2	0.549	0	3.647	3.647	60.1	-0.034	3.615	0	0	0	0	0	0	0	0	0	0	0	0	0	0	0	16	0	0	0	0	0	0	0	0	0	0	0	0	0	0	0	0	0	0	0	0	0	0	0	0	0	0	0	0	0	0	0	0	0	0	
09/03/2022 11:39:22	0	0	6	15.03	15.03	1.1	2153	494	3.618	3.619	16.2	0	False	4.181667	4.175	4.25	4.2	0.5606	0	3.647	3.647	60.2	-0.034	3.618	0	0	0	0	0	0	0	0	0	0	0	0	0	0	0	16.2	0	0	0	0	0	0	0	0	0	0	0	0	0	0	0	0	0	0	0	0	0	0	0	0	0	0	0	0	0	0	0	0	0	0	
09/03/2022 11:39:32	0	0	6	15.03	15.03	1.1	2155	504	3.621	3.6221	16.1	0	False	4.198333	4.208333	4.181667	4.2	0.5723	0	3.647	3.658	60.3	-0.034	3.621	0	0	0	0	0	0	0	0	0	0	0	0	0	0	0	16.1	0	0	0	0	0	0	0	0	0	0	0	0	0	0	0	0	0	0	0	0	0	0	0	0	0	0	0	0	0	0	0	0	0	0	
09/03/2022 11:39:42	0	0	6	15.03	15.03	1.1	2155	514	3.624	3.6248	16.2	0	False	4.188334	4.185	4.291667	4.2	0.5839	0	3.647	3.658	60.6	-0.034	3.624	0	0	0	0	0	0	0	0	0	0	0	0	0	0	0	16.2	0	0	0	0	0	0	0	0	0	0	0	0	0	0	0	0	0	0	0	0	0	0	0	0	0	0	0	0	0	0	0	0	0	0	
09/03/2022 11:39:52	0	0	6	15.03	15.03	1.1	2157	524	3.627	3.6273	16.2	0	False	4.181667	4.213333	4.218333	4.2	0.5956	0	3.658	3.658	60.6	-0.034	3.627	0	0	0	0	0	0	0	0	0	0	0	0	0	0	0	16.2	0	0	0	0	0	0	0	0	0	0	0	0	0	0	0	0	0	0	0	0	0	0	0	0	0	0	0	0	0	0	0	0	0	0	
09/03/2022 11:40:02	0	0	6	15.03	15.03	1.1	2159	534	3.63	3.6309	16.2	0	False	4.193333	4.175	4.165	4.2	0.6072	0	3.658	3.662	60.8	-0.034	3.63	0	0	0	0	0	0	0	0	0	0	0	0	0	0	0	16.2	0	0	0	0	0	0	0	0	0	0	0	0	0	0	0	0	0	0	0	0	0	0	0	0	0	0	0	0	0	0	0	0	0	0	
09/03/2022 11:40:12	0	0	6	15.03	15.03	1.1	2159	544	3.632	3.6334	16.3	0	False	4.18	4.168334	4.158333	4.2	0.6188	0	3.658	3.67	60.9	-0.023	3.632	0	0	0	0	0	0	0	0	0	0	0	0	0	0	0	16.3	0	0	0	0	0	0	0	0	0	0	0	0	0	0	0	0	0	0	0	0	0	0	0	0	0	0	0	0	0	0	0	0	0	0	
09/03/2022 11:40:22	0	0	6	15.03	15.03	1.1	2161	554	3.635	3.6359	16.1	0	False	4.19	4.21	4.196667	4.2	0.6305	0	3.67	3.67	61.1	-0.034	3.635	0	0	0	0	0	0	0	0	0	0	0	0	0	0	0	16.1	0	0	0	0	0	0	0	0	0	0	0	0	0	0	0	0	0	0	0	0	0	0	0	0	0	0	0	0	0	0	0	0	0	0	
09/03/2022 11:40:32	0	0	6	15.03	15.03	1.1	2163	564	3.638	3.6384	16	0	False	4.193333	4.186666	4.176667	4.2	0.6422	0	3.67	3.67	61.2	-0.034	3.638	0	0	0	0	0	0	0	0	0	0	0	0	0	0	0	16	0	0	0	0	0	0	0	0	0	0	0	0	0	0	0	0	0	0	0	0	0	0	0	0	0	0	0	0	0	0	0	0	0	0	
09/03/2022 11:40:42	0	0	6	15.02	15.03	1.1	2163	574	3.64	3.6409	16.2	0	False	4.183333	4.196667	4.155	4.2	0.6538	0	3.67	3.67	61.3	-0.034	3.64	0	0	0	0	0	0	0	0	0	0	0	0	0	0	0	16.2	0	0	0	0	0	0	0	0	0	0	0	0	0	0	0	0	0	0	0	0	0	0	0	0	0	0	0	0	0	0	0	0	0	0	
09/03/2022 11:40:52	0	0	6	15.02	15.03	1.1	2167	584	3.643	3.6434	16.2	0	False	4.193333	4.22	4.233333	4.2	0.6655	0	3.67	3.676	61.4	-0.023	3.643	0	0	0	0	0	0	0	0	0	0	0	0	0	0	0	16.2	0	0	0	0	0	0	0	0	0	0	0	0	0	0	0	0	0	0	0	0	0	0	0	0	0	0	0	0	0	0	0	0	0	0	
09/03/2022 11:41:02	0	0	6	15.02	15.03	1.2	2169	594	3.645	3.6459	16.1	0	False	4.19	4.188334	4.291667	4.2	0.6771	0	3.681	3.681	61.6	-0.023	3.645	0	0	0	0	0	0	0	0	0	0	0	0	0	0	0	16.1	0	0	0	0	0	0	0	0	0	0	0	0	0	0	0	0	0	0	0	0	0	0	0	0	0	0	0	0	0	0	0	0	0	0	
09/03/2022 11:41:12	0	0	6	15.03	15.03	1.1	2169	604	3.648	3.6484	16.2	0	False	4.176667	4.178333	4.25	4.2	0.6887	0	3.681	3.681	61.7	-0.023	3.648	0	0	0	0	0	0	0	0	0	0	0	0	0	0	0	16.2	0	0	0	0	0	0	0	0	0	0	0	0	0	0	0	0	0	0	0	0	0	0	0	0	0	0	0	0	0	0	0	0	0	0	
09/03/2022 11:41:22	0	0	6	15.02	15.03	1.1	2171	614	3.65	3.6509	16.2	0	False	4.193333	4.205	4.196667	4.2	0.7004	0	3.681	3.682	61.8	-0.034	3.65	0	0	0	0	0	0	0	0	0	0	0	0	0	0	0	16.2	0	0	0	0	0	0	0	0	0	0	0	0	0	0	0	0	0	0	0	0	0	0	0	0	0	0	0	0	0	0	0	0	0	0	
09/03/2022 11:41:32	0	0	6	15.03	15.03	1.1	2171	624	3.652	3.6534	16.1	0	False	4.19	4.171667	4.165	4.2	0.712	0	3.681	3.682	61.9	-0.034	3.652	0	0	0	0	0	0	0	0	0	0	0	0	0	0	0	16.1	0	0	0	0	0	0	0	0	0	0	0	0	0	0	0	0	0	0	0	0	0	0	0	0	0	0	0	0	0	0	0	0	0	0	
09/03/2022 11:41:42	0	0	6	15.02	15.03	1.2	2173	634	3.655	3.6557	16.2	0	False	4.18	4.175	4.291667	4.2	0.7236	0	3.681	3.692	62.1	-0.034	3.655	0	0	0	0	0	0	0	0	0	0	0	0	0	0	0	16.2	0	0	0	0	0	0	0	0	0	0	0	0	0	0	0	0	0	0	0	0	0	0	0	0	0	0	0	0	0	0	0	0	0	0	
09/03/2022 11:41:53	0	0	6	15.03	15.03	1.1	2175	644	3.657	3.6578	16	0	False	4.196667	4.211667	4.196667	4.2	0.7354	0	3.681	3.693	62.1	-0.034	3.657	0	0	0	0	0	0	0	0	0	0	0	0	0	0	0	16	0	0	0	0	0	0	0	0	0	0	0	0	0	0	0	0	0	0	0	0	0	0	0	0	0	0	0	0	0	0	0	0	0	0	
09/03/2022 11:42:03	0	0	6	15.03	15.03	1.1	2173	654	3.659	3.6598	16	0	False	4.198333	4.176667	4.165	4.2	0.747	0	3.693	3.693	62.3	-0.034	3.659	0	0	0	0	0	0	0	0	0	0	0	0	0	0	0	16	0	0	0	0	0	0	0	0	0	0	0	0	0	0	0	0	0	0	0	0	0	0	0	0	0	0	0	0	0	0	0	0	0	0	
09/03/2022 11:42:13	0	0	6	15.03	15.03	1.2	2177	664	3.662	3.6623	16.1	0	False	4.181667	4.171667	4.296667	4.2	0.7586	0	3.693	3.693	62.4	-0.034	3.662	0	0	0	0	0	0	0	0	0	0	0	0	0	0	0	16.1	0	0	0	0	0	0	0	0	0	0	0	0	0	0	0	0	0	0	0	0	0	0	0	0	0	0	0	0	0	0	0	0	0	0	
09/03/2022 11:43:39	0	0	6	15.03	15.03	1.1	2177	674	3.664	3.6646	16.1	0	False	4.188334	4.213333	4.23	4.2	0.7703	0	3.693	3.697	62.5	-0.034	3.664	0	0	0	0	0	0	0	0	0	0	0	0	0	0	0	16.1	0	0	0	0	0	0	0	0	0	0	0	0	0	0	0	0	0	0	0	0	0	0	0	0	0	0	0	0	0	0	0	0	0	0	
09/03/2022 11:43:49	0	0	6	15.03	15.03	1.1	2177	684	3.666	3.6671	16	0	False	4.198333	4.195	4.165	4.2	0.782	0	3.704	3.704	62.6	-0.023	3.666	0	0	0	0	0	0	0	0	0	0	0	0	0	0	0	16	0	0	0	0	0	0	0	0	0	0	0	0	0	0	0	0	0	0	0	0	0	0	0	0	0	0	0	0	0	0	0	0	0	0	
09/03/2022 11:43:59	0	0	6	15.03	15.03	1.1	2179	694	3.668	3.6695	16.1	0	False	4.181667	4.16	4.133333	4.2	0.7936	0	3.704	3.704	62.7	-0.034	3.668	0	0	0	0	0	0	0	0	0	0	0	0	0	0	0	16.1	0	0	0	0	0	0	0	0	0	0	0	0	0	0	0	0	0	0	0	0	0	0	0	0	0	0	0	0	0	0	0	0	0	0	
09/03/2022 11:44:09	0	0	6	15.03	15.03	1.2	2183	704	3.671	3.6721	16.1	0	False	4.176667	4.17	4.096667	4.2	0.8052	0	3.704	3.704	62.8	-0.034	3.671	0	0	0	0	0	0	0	0	0	0	0	0	0	0	0	16.1	0	0	0	0	0	0	0	0	0	0	0	0	0	0	0	0	0	0	0	0	0	0	0	0	0	0	0	0	0	0	0	0	0	0	
09/03/2022 11:44:19	0	0	6	15.03	15.03	1.1	2183	714	3.674	3.6753	15.9	0	False	4.193333	4.205	4.218333	4.2	0.817	0	3.704	3.706	63.1	-0.034	3.674	0	0	0	0	0	0	0	0	0	0	0	0	0	0	0	15.9	0	0	0	0	0	0	0	0	0	0	0	0	0	0	0	0	0	0	0	0	0	0	0	0	0	0	0	0	0	0	0	0	0	0	
09/03/2022 11:44:30	0	0	6	15.03	15.03	1.1	2181	724	3.676	3.6771	15.8	0	False	4.186666	4.186666	4.133333	4.2	0.8285	0	3.716	3.716	63.2	-0.034	3.676	0	0	0	0	0	0	0	0	0	0	0	0	0	0	0	15.8	0	0	0	0	0	0	0	0	0	0	0	0	0	0	0	0	0	0	0	0	0	0	0	0	0	0	0	0	0	0	0	0	0	0	
09/03/2022 11:44:40	0	0	6	15.03	15.03	1.2	2185	734	3.679	3.6796	16	0	False	4.178333	4.195	4.25	4.2	0.8402	0	3.704	3.716	63.2	-0.023	3.679	0	0	0	0	0	0	0	0	0	0	0	0	0	0	0	16	0	0	0	0	0	0	0	0	0	0	0	0	0	0	0	0	0	0	0	0	0	0	0	0	0	0	0	0	0	0	0	0	0	0	
09/03/2022 11:44:50	0	0	6	15.03	15.03	1.1	2187	744	3.681	3.6821	15.9	0	False	4.191667	4.21	4.201667	4.2	0.8519	0	3.716	3.716	63.3	-0.034	3.681	0	0	0	0	0	0	0	0	0	0	0	0	0	0	0	15.9	0	0	0	0	0	0	0	0	0	0	0	0	0	0	0	0	0	0	0	0	0	0	0	0	0	0	0	0	0	0	0	0	0	0	
09/03/2022 11:45:00	0	0	6	15.03	15.03	1.1	2187	754	3.683	3.6843	15.8	0	False	4.191667	4.166667	4.155	4.2	0.8635	0	3.716	3.716	63.5	-0.034	3.683	0	0	0	0	0	0	0	0	0	0	0	0	0	0	0	15.8	0	0	0	0	0	0	0	0	0	0	0	0	0	0	0	0	0	0	0	0	0	0	0	0	0	0	0	0	0	0	0	0	0	0	
09/03/2022 11:45:10	0	0	6	15.03	15.03	1.1	2187	764	3.686	3.687	15.8	0	False	4.181667	4.191667	4.123333	4.2	0.8752	0	3.716	3.716	63.6	-0.034	3.686	0	0	0	0	0	0	0	0	0	0	0	0	0	0	0	15.8	0	0	0	0	0	0	0	0	0	0	0	0	0	0	0	0	0	0	0	0	0	0	0	0	0	0	0	0	0	0	0	0	0	0	
09/03/2022 11:45:20	0	0	6	15.03	15.03	1.1	2191	774	3.688	3.6886	15.8	0	False	4.198333	4.203333	4.196667	4.2	0.8869	0	3.716	3.725	63.7	-0.034	3.688	0	0	0	0	0	0	0	0	0	0	0	0	0	0	0	15.8	0	0	0	0	0	0	0	0	0	0	0	0	0	0	0	0	0	0	0	0	0	0	0	0	0	0	0	0	0	0	0	0	0	0	
09/03/2022 11:45:30	0	0	6	15.03	15.03	1.1	2189	784	3.69	3.6909	15.7	0	False	4.198333	4.185	4.17	4.2	0.8986	0	3.727	3.727	63.8	-0.023	3.69	0	0	0	0	0	0	0	0	0	0	0	0	0	0	0	15.7	0	0	0	0	0	0	0	0	0	0	0	0	0	0	0	0	0	0	0	0	0	0	0	0	0	0	0	0	0	0	0	0	0	0	
09/03/2022 11:45:40	0	0	6	15.03	15.03	1.2	2193	794	3.693	3.6934	15.7	0	False	4.181667	4.181667	4.25	4.2	0.9101	0	3.727	3.727	63.9	-0.034	3.693	0	0	0	0	0	0	0	0	0	0	0	0	0	0	0	15.7	0	0	0	0	0	0	0	0	0	0	0	0	0	0	0	0	0	0	0	0	0	0	0	0	0	0	0	0	0	0	0	0	0	0	
09/03/2022 11:45:50	0	0	6	15.03	15.03	1.2	2193	804	3.695	3.6959	15.7	0	False	4.198333	4.225	4.206666	4.2	0.9219	0	3.727	3.727	64	-0.034	3.695	0	0	0	0	0	0	0	0	0	0	0	0	0	0	0	15.7	0	0	0	0	0	0	0	0	0	0	0	0	0	0	0	0	0	0	0	0	0	0	0	0	0	0	0	0	0	0	0	0	0	0	
09/03/2022 11:46:00	0	0	6	15.03	15.03	1.1	2193	814	3.697	3.6973	15.8	0	False	4.198333	4.193333	4.176667	4.2	0.9336	0	3.727	3.727	64.1	-0.034	3.697	0	0	0	0	0	0	0	0	0	0	0	0	0	0	0	15.8	0	0	0	0	0	0	0	0	0	0	0	0	0	0	0	0	0	0	0	0	0	0	0	0	0	0	0	0	0	0	0	0	0	0	
09/03/2022 11:46:10	0	0	6	15.03	15.03	1.1	2195	824	3.699	3.6997	15.9	0	False	4.181667	4.161667	4.128334	4.2	0.9452	0	3.727	3.733	64.3	-0.046	3.699	0	0	0	0	0	0	0	0	0	0	0	0	0	0	0	15.9	0	0	0	0	0	0	0	0	0	0	0	0	0	0	0	0	0	0	0	0	0	0	0	0	0	0	0	0	0	0	0	0	0	0	
09/03/2022 11:46:20	0	0	6	15.03	15.03	1.2	2197	834	3.701	3.7022	15.9	0	False	4.18	4.215	4.218333	4.2	0.9568	0	3.727	3.738	64.3	-0.023	3.701	0	0	0	0	0	0	0	0	0	0	0	0	0	0	0	15.9	0	0	0	0	0	0	0	0	0	0	0	0	0	0	0	0	0	0	0	0	0	0	0	0	0	0	0	0	0	0	0	0	0	0	
09/03/2022 11:46:30	0	0	6	15.03	15.03	1.2	2199	844	3.704	3.7047	15.8	0	False	4.196667	4.2	4.23	4.2	0.9686	0	3.738	3.738	64.6	-0.034	3.704	0	0	0	0	0	0	0	0	0	0	0	0	0	0	0	15.8	0	0	0	0	0	0	0	0	0	0	0	0	0	0	0	0	0	0	0	0	0	0	0	0	0	0	0	0	0	0	0	0	0	0	
09/03/2022 11:46:40	0	0	6	15.03	15.03	1.1	2199	854	3.706	3.7072	15.7	0	False	4.186666	4.166667	4.155	4.2	0.9802	0	3.738	3.738	64.6	-0.034	3.706	0	0	0	0	0	0	0	0	0	0	0	0	0	0	0	15.7	0	0	0	0	0	0	0	0	0	0	0	0	0	0	0	0	0	0	0	0	0	0	0	0	0	0	0	0	0	0	0	0	0	0	
09/03/2022 11:46:50	0	0	6	15.03	15.03	1.2	2201	864	3.708	3.7086	15.8	0	False	4.18	4.188334	4.233333	4.2	0.9919	0	3.738	3.738	64.7	-0.034	3.708	0	0	0	0	0	0	0	0	0	0	0	0	0	0	0	15.8	0	0	0	0	0	0	0	0	0	0	0	0	0	0	0	0	0	0	0	0	0	0	0	0	0	0	0	0	0	0	0	0	0	0	
09/03/2022 11:47:00	0	0	6	15.03	15.03	1.2	2201	874	3.71	3.7111	15.7	0	False	4.196667	4.208333	4.218333	4.2	1.0036	0	3.738	3.741	64.8	-0.034	3.71	0	0	0	0	0	0	0	0	0	0	0	0	0	0	0	15.7	0	0	0	0	0	0	0	0	0	0	0	0	0	0	0	0	0	0	0	0	0	0	0	0	0	0	0	0	0	0	0	0	0	0	
09/03/2022 11:47:10	0	0	6	15.03	15.03	1.2	2205	884	3.713	3.7134	15.8	0	False	4.186666	4.178333	4.25	4.2	1.0152	0	3.75	3.75	65	-0.023	3.713	0	0	0	0	0	0	0	0	0	0	0	0	0	0	0	15.8	0	0	0	0	0	0	0	0	0	0	0	0	0	0	0	0	0	0	0	0	0	0	0	0	0	0	0	0	0	0	0	0	0	0	
09/03/2022 11:47:21	0	0	6	15.03	15.03	1.1	2205	894	3.715	3.7159	15.8	0	False	4.183333	4.188334	4.088333	4.2	1.0268	0	3.738	3.75	65.1	-0.023	3.715	0	0	0	0	0	0	0	0	0	0	0	0	0	0	0	15.8	0	0	0	0	0	0	0	0	0	0	0	0	0	0	0	0	0	0	0	0	0	0	0	0	0	0	0	0	0	0	0	0	0	0	
09/03/2022 11:47:31	0	0	6	15.03	15.03	1.1	2205	904	3.718	3.7184	15.8	0	False	4.196667	4.208333	4.211667	4.2	1.0385	0	3.75	3.75	65.2	-0.023	3.718	0	0	0	0	0	0	0	0	0	0	0	0	0	0	0	15.8	0	0	0	0	0	0	0	0	0	0	0	0	0	0	0	0	0	0	0	0	0	0	0	0	0	0	0	0	0	0	0	0	0	0	
09/03/2022 11:47:41	0	0	6	15.02	15.03	1.1	2207	914	3.72	3.7209	15.8	0	False	4.188334	4.166667	4.12	4.2	1.0501	0	3.75	3.75	65.3	-0.034	3.72	0	0	0	0	0	0	0	0	0	0	0	0	0	0	0	15.8	0	0	0	0	0	0	0	0	0	0	0	0	0	0	0	0	0	0	0	0	0	0	0	0	0	0	0	0	0	0	0	0	0	0	
09/03/2022 11:47:51	0	0	6	15.03	15.03	1.2	2209	924	3.723	3.7234	15.8	0	False	4.181667	4.198333	4.133333	4.2	1.0618	0	3.75	3.76	65.4	-0.034	3.723	0	0	0	0	0	0	0	0	0	0	0	0	0	0	0	15.8	0	0	0	0	0	0	0	0	0	0	0	0	0	0	0	0	0	0	0	0	0	0	0	0	0	0	0	0	0	0	0	0	0	0	
09/03/2022 11:48:01	0	0	6	15.03	15.03	1.2	2209	934	3.725	3.7259	15.8	0	False	4.198333	4.203333	4.196667	4.2	1.0735	0	3.75	3.761	65.6	-0.034	3.725	0	0	0	0	0	0	0	0	0	0	0	0	0	0	0	15.8	0	0	0	0	0	0	0	0	0	0	0	0	0	0	0	0	0	0	0	0	0	0	0	0	0	0	0	0	0	0	0	0	0	0	
09/03/2022 11:48:11	0	0	6	15.03	15.03	1.2	2209	944	3.727	3.7284	15.8	0	False	4.193333	4.18	4.158333	4.2	1.0852	0	3.761	3.761	65.7	-0.023	3.727	0	0	0	0	0	0	0	0	0	0	0	0	0	0	0	15.8	0	0	0	0	0	0	0	0	0	0	0	0	0	0	0	0	0	0	0	0	0	0	0	0	0	0	0	0	0	0	0	0	0	0	
09/03/2022 11:48:21	0	0	6	15.03	15.03	1.1	2211	954	3.729	3.7298	15.7	0	False	4.183333	4.191667	4.165	4.2	1.0968	0	3.761	3.762	65.7	-0.034	3.729	0	0	0	0	0	0	0	0	0	0	0	0	0	0	0	15.7	0	0	0	0	0	0	0	0	0	0	0	0	0	0	0	0	0	0	0	0	0	0	0	0	0	0	0	0	0	0	0	0	0	0	
09/03/2022 11:48:31	0	0	6	15.03	15.03	1.2	2215	964	3.732	3.7325	15.8	0	False	4.195	4.213333	4.206666	4.2	1.1085	0	3.761	3.765	65.9	-0.034	3.732	0	0	0	0	0	0	0	0	0	0	0	0	0	0	0	15.8	0	0	0	0	0	0	0	0	0	0	0	0	0	0	0	0	0	0	0	0	0	0	0	0	0	0	0	0	0	0	0	0	0	0	
09/03/2022 11:48:41	0	0	6	15.03	15.03	1.2	2217	974	3.734	3.7348	15.7	0	False	4.193333	4.178333	4.271667	4.2	1.1201	0	3.761	3.773	66.1	-0.046	3.734	0	0	0	0	0	0	0	0	0	0	0	0	0	0	0	15.7	0	0	0	0	0	0	0	0	0	0	0	0	0	0	0	0	0	0	0	0	0	0	0	0	0	0	0	0	0	0	0	0	0	0	
09/03/2022 11:48:51	0	0	6	15.03	15.03	1.2	2217	984	3.737	3.7375	15.7	0	False	4.183333	4.171667	4.275	4.2	1.1317	0	3.773	3.773	66.2	-0.023	3.737	0	0	0	0	0	0	0	0	0	0	0	0	0	0	0	15.7	0	0	0	0	0	0	0	0	0	0	0	0	0	0	0	0	0	0	0	0	0	0	0	0	0	0	0	0	0	0	0	0	0	0	
09/03/2022 11:49:01	0	0	6	15.03	15.03	1.2	2219	994	3.739	3.7406	15.6	0	False	4.198333	4.195	4.176667	4.2	1.1435	0	3.773	3.773	66.2	-0.034	3.739	0	0	0	0	0	0	0	0	0	0	0	0	0	0	0	15.6	0	0	0	0	0	0	0	0	0	0	0	0	0	0	0	0	0	0	0	0	0	0	0	0	0	0	0	0	0	0	0	0	0	0	
09/03/2022 11:49:11	0	0	6	15.03	15.03	1.1	2219	1004	3.742	3.7429	15.5	0	False	4.186666	4.171667	4.133333	4.2	1.1551	0	3.773	3.774	66.4	-0.034	3.742	0	0	0	0	0	0	0	0	0	0	0	0	0	0	0	15.5	0	0	0	0	0	0	0	0	0	0	0	0	0	0	0	0	0	0	0	0	0	0	0	0	0	0	0	0	0	0	0	0	0	0	
09/03/2022 11:49:21	0	0	6	15.03	15.03	1.2	2221	1014	3.744	3.7456	15.6	0	False	4.18	4.208333	4.206666	4.2	1.1667	0	3.773	3.781	66.5	-0.034	3.744	0	0	0	0	0	0	0	0	0	0	0	0	0	0	0	15.6	0	0	0	0	0	0	0	0	0	0	0	0	0	0	0	0	0	0	0	0	0	0	0	0	0	0	0	0	0	0	0	0	0	0	
09/03/2022 11:49:31	0	0	6	15.03	15.03	1.2	2223	1024	3.747	3.7484	15.8	0	False	4.196667	4.2	4.17	4.2	1.1784	0	3.784	3.784	66.7	-0.034	3.747	0	0	0	0	0	0	0	0	0	0	0	0	0	0	0	15.8	0	0	0	0	0	0	0	0	0	0	0	0	0	0	0	0	0	0	0	0	0	0	0	0	0	0	0	0	0	0	0	0	0	0	
09/03/2022 11:49:41	0	0	6	15.03	15.03	1.1	2223	1034	3.75	3.7509	15.9	0	False	4.185	4.186666	4.155	4.2	1.1899	0	3.784	3.784	66.8	-0.034	3.75	0	0	0	0	0	0	0	0	0	0	0	0	0	0	0	15.9	0	0	0	0	0	0	0	0	0	0	0	0	0	0	0	0	0	0	0	0	0	0	0	0	0	0	0	0	0	0	0	0	0	0	
09/03/2022 11:49:52	0	0	6	15.03	15.03	1.2	2227	1044	3.753	3.7536	15.9	0	False	4.195	4.206666	4.206666	4.2	1.2015	0	3.784	3.784	66.9	-0.034	3.753	0	0	0	0	0	0	0	0	0	0	0	0	0	0	0	15.9	0	0	0	0	0	0	0	0	0	0	0	0	0	0	0	0	0	0	0	0	0	0	0	0	0	0	0	0	0	0	0	0	0	0	
09/03/2022 11:50:02	0	0	6	15.03	15.03	1.2	2227	1054	3.755	3.7559	15.9	0	False	4.201667	4.183333	4.176667	4.2	1.2132	0	3.784	3.786	67.1	-0.034	3.755	0	0	0	0	0	0	0	0	0	0	0	0	0	0	0	15.9	0	0	0	0	0	0	0	0	0	0	0	0	0	0	0	0	0	0	0	0	0	0	0	0	0	0	0	0	0	0	0	0	0	0	
09/03/2022 11:50:12	0	0	6	15.03	15.03	1.2	2229	1064	3.758	3.7584	15.9	0	False	4.185	4.18	4.296667	4.2	1.2248	0	3.784	3.796	67.2	-0.034	3.758	0	0	0	0	0	0	0	0	0	0	0	0	0	0	0	15.9	0	0	0	0	0	0	0	0	0	0	0	0	0	0	0	0	0	0	0	0	0	0	0	0	0	0	0	0	0	0	0	0	0	0	
09/03/2022 11:50:22	0	0	6	15.03	15.03	1.2	2231	1074	3.761	3.7615	15.8	0	False	4.198333	4.206666	4.196667	4.2	1.2365	0	3.784	3.796	67.3	-0.023	3.761	0	0	0	0	0	0	0	0	0	0	0	0	0	0	0	15.8	0	0	0	0	0	0	0	0	0	0	0	0	0	0	0	0	0	0	0	0	0	0	0	0	0	0	0	0	0	0	0	0	0	0	
09/03/2022 11:50:32	0	0	6	15.03	15.03	1.2	2231	1084	3.763	3.7645	15.9	0	False	4.193333	4.183333	4.171667	4.2	1.2482	0	3.796	3.796	67.4	-0.034	3.763	0	0	0	0	0	0	0	0	0	0	0	0	0	0	0	15.9	0	0	0	0	0	0	0	0	0	0	0	0	0	0	0	0	0	0	0	0	0	0	0	0	0	0	0	0	0	0	0	0	0	0	
09/03/2022 11:50:42	0	0	6	15.03	15.03	1.2	2233	1094	3.766	3.7672	15.9	0	False	4.198333	4.208333	4.23	4.2	1.2599	0	3.796	3.796	67.6	-0.034	3.766	0	0	0	0	0	0	0	0	0	0	0	0	0	0	0	15.9	0	0	0	0	0	0	0	0	0	0	0	0	0	0	0	0	0	0	0	0	0	0	0	0	0	0	0	0	0	0	0	0	0	0	
09/03/2022 11:50:52	0	0	6	15.03	15.03	1.2	2235	1104	3.769	3.7697	16.1	0	False	4.203333	4.191667	4.17	4.2	1.2716	0	3.796	3.807	67.7	-0.023	3.769	0	0	0	0	0	0	0	0	0	0	0	0	0	0	0	16.1	0	0	0	0	0	0	0	0	0	0	0	0	0	0	0	0	0	0	0	0	0	0	0	0	0	0	0	0	0	0	0	0	0	0	
09/03/2022 11:51:02	0	0	6	15.03	15.03	1.2	2237	1114	3.772	3.7731	16.1	0	False	4.193333	4.23	4.23	4.2	1.2832	0	3.807	3.807	67.8	-0.034	3.772	0	0	0	0	0	0	0	0	0	0	0	0	0	0	0	16.1	0	0	0	0	0	0	0	0	0	0	0	0	0	0	0	0	0	0	0	0	0	0	0	0	0	0	0	0	0	0	0	0	0	0	
09/03/2022 11:51:12	0	0	6	15.03	15.03	1.2	2237	1124	3.775	3.7759	15.9	0	False	4.21	4.211667	4.193333	4.2	1.2949	0	3.807	3.807	68.1	-0.034	3.775	0	0	0	0	0	0	0	0	0	0	0	0	0	0	0	15.9	0	0	0	0	0	0	0	0	0	0	0	0	0	0	0	0	0	0	0	0	0	0	0	0	0	0	0	0	0	0	0	0	0	0	
09/03/2022 11:51:22	0	0	6	15.02	15.03	1.2	2237	1134	3.778	3.7784	15.8	0	False	4.2	4.165	4.165	4.2	1.3065	0	3.807	3.812	68.2	-0.034	3.778	0	0	0	0	0	0	0	0	0	0	0	0	0	0	0	15.8	0	0	0	0	0	0	0	0	0	0	0	0	0	0	0	0	0	0	0	0	0	0	0	0	0	0	0	0	0	0	0	0	0	0	
09/03/2022 11:51:32	0	0	6	15.03	15.03	1.2	2243	1144	3.78	3.7811	15.9	0	False	4.186666	4.188334	4.211667	4.2	1.3181	0	3.819	3.819	68.3	-0.034	3.78	0	0	0	0	0	0	0	0	0	0	0	0	0	0	0	15.9	0	0	0	0	0	0	0	0	0	0	0	0	0	0	0	0	0	0	0	0	0	0	0	0	0	0	0	0	0	0	0	0	0	0	
09/03/2022 11:51:43	0	0	6	15.03	15.03	1.2	2243	1154	3.784	3.7847	15.7	0	False	4.198333	4.186666	4.196667	4.2	1.3298	0	3.819	3.819	68.5	-0.034	3.784	0	0	0	0	0	0	0	0	0	0	0	0	0	0	0	15.7	0	0	0	0	0	0	0	0	0	0	0	0	0	0	0	0	0	0	0	0	0	0	0	0	0	0	0	0	0	0	0	0	0	0	
09/03/2022 11:51:53	0	0	6	15.03	15.03	1.2	2243	1165	3.786	3.7872	15.9	0	False	4.185	4.153333	4.133333	4.2	1.3426	0	3.819	3.82	68.7	-0.034	3.786	0	0	0	0	0	0	0	0	0	0	0	0	0	0	0	15.9	0	0	0	0	0	0	0	0	0	0	0	0	0	0	0	0	0	0	0	0	0	0	0	0	0	0	0	0	0	0	0	0	0	0	
09/03/2022 11:52:03	0	0	6	15.03	15.03	1.2	2247	1175	3.789	3.7901	15.8	0	False	4.196667	4.2	4.196667	4.2	1.3543	0	3.819	3.83	68.8	-0.034	3.789	0	0	0	0	0	0	0	0	0	0	0	0	0	0	0	15.8	0	0	0	0	0	0	0	0	0	0	0	0	0	0	0	0	0	0	0	0	0	0	0	0	0	0	0	0	0	0	0	0	0	0	
09/03/2022 11:52:13	0	0	6	15.03	15.03	1.2	2247	1185	3.793	3.7934	15.8	0	False	4.193333	4.223333	4.25	4.2	1.3659	0	3.83	3.83	68.9	-0.034	3.793	0	0	0	0	0	0	0	0	0	0	0	0	0	0	0	15.8	0	0	0	0	0	0	0	0	0	0	0	0	0	0	0	0	0	0	0	0	0	0	0	0	0	0	0	0	0	0	0	0	0	0	
09/03/2022 11:52:23	0	0	6	15.03	15.03	1.2	2247	1195	3.795	3.7959	15.9	0	False	4.203333	4.21	4.196667	4.2	1.3776	0	3.83	3.83	69.1	-0.034	3.795	0	0	0	0	0	0	0	0	0	0	0	0	0	0	0	15.9	0	0	0	0	0	0	0	0	0	0	0	0	0	0	0	0	0	0	0	0	0	0	0	0	0	0	0	0	0	0	0	0	0	0	
09/03/2022 11:52:33	0	0	6	15.03	15.03	1.1	2249	1205	3.798	3.7994	15.8	0	False	4.2	4.186666	4.038333	4.2	1.3893	0	3.83	3.83	69.2	-0.034	3.798	0	0	0	0	0	0	0	0	0	0	0	0	0	0	0	15.8	0	0	0	0	0	0	0	0	0	0	0	0	0	0	0	0	0	0	0	0	0	0	0	0	0	0	0	0	0	0	0	0	0	0	
09/03/2022 11:52:44	0	0	6	15.03	15.03	1.2	2251	1215	3.801	3.8022	15.8	0	False	4.196667	4.211667	4.19	4.2	1.4009	0	3.83	3.842	69.3	-0.034	3.801	0	0	0	0	0	0	0	0	0	0	0	0	0	0	0	15.8	0	0	0	0	0	0	0	0	0	0	0	0	0	0	0	0	0	0	0	0	0	0	0	0	0	0	0	0	0	0	0	0	0	0	
09/03/2022 11:52:54	0	0	6	15.03	15.03	1.2	2253	1225	3.805	3.8059	15.7	0	False	4.203333	4.201667	4.176667	4.2	1.4126	0	3.83	3.842	69.5	-0.034	3.805	0	0	0	0	0	0	0	0	0	0	0	0	0	0	0	15.7	0	0	0	0	0	0	0	0	0	0	0	0	0	0	0	0	0	0	0	0	0	0	0	0	0	0	0	0	0	0	0	0	0	0	
09/03/2022 11:53:04	0	0	6	15.03	15.03	1.2	2253	1235	3.809	3.8097	15.9	0	False	4.186666	4.181667	4.165	4.2	1.4242	0	3.842	3.842	69.7	-0.034	3.809	0	0	0	0	0	0	0	0	0	0	0	0	0	0	0	15.9	0	0	0	0	0	0	0	0	0	0	0	0	0	0	0	0	0	0	0	0	0	0	0	0	0	0	0	0	0	0	0	0	0	0	
09/03/2022 11:53:14	0	0	6	15.03	15.03	1.2	2257	1245	3.811	3.8122	15.8	0	False	4.188334	4.21	4.206666	4.2	1.4359	0	3.842	3.844	69.8	-0.034	3.811	0	0	0	0	0	0	0	0	0	0	0	0	0	0	0	15.8	0	0	0	0	0	0	0	0	0	0	0	0	0	0	0	0	0	0	0	0	0	0	0	0	0	0	0	0	0	0	0	0	0	0	
09/03/2022 11:53:24	0	0	6	15.03	15.03	1.2	2257	1255	3.814	3.8158	15.6	0	False	4.188334	4.178333	4.178333	4.2	1.4475	0	3.842	3.853	70.1	-0.046	3.814	0	0	0	0	0	0	0	0	0	0	0	0	0	0	0	15.6	0	0	0	0	0	0	0	0	0	0	0	0	0	0	0	0	0	0	0	0	0	0	0	0	0	0	0	0	0	0	0	0	0	0	
09/03/2022 11:53:34	0	0	6	15.03	15.03	1.2	2261	1265	3.818	3.8184	15.6	0	False	4.178333	4.211667	4.218333	4.2	1.4591	0	3.853	3.853	70.1	-0.034	3.818	0	0	0	0	0	0	0	0	0	0	0	0	0	0	0	15.6	0	0	0	0	0	0	0	0	0	0	0	0	0	0	0	0	0	0	0	0	0	0	0	0	0	0	0	0	0	0	0	0	0	0	
09/03/2022 11:53:44	0	0	6	15.03	15.03	1.2	2261	1275	3.82	3.8209	15.5	0	False	4.195	4.198333	4.206666	4.2	1.4708	0	3.842	3.853	70.3	-0.034	3.82	0	0	0	0	0	0	0	0	0	0	0	0	0	0	0	15.5	0	0	0	0	0	0	0	0	0	0	0	0	0	0	0	0	0	0	0	0	0	0	0	0	0	0	0	0	0	0	0	0	0	0	
09/03/2022 11:53:54	0	0	6	15.03	15.03	1.2	2265	1285	3.823	3.8239	15.6	0	False	4.185	4.181667	4.291667	4.2	1.4824	0	3.853	3.854	70.5	-0.034	3.823	0	0	0	0	0	0	0	0	0	0	0	0	0	0	0	15.6	0	0	0	0	0	0	0	0	0	0	0	0	0	0	0	0	0	0	0	0	0	0	0	0	0	0	0	0	0	0	0	0	0	0	
09/03/2022 11:54:04	0	0	6	15.03	15.03	1.2	2267	1295	3.826	3.8272	15.4	0	False	4.198333	4.215	4.263333	4.2	1.4941	0	3.853	3.865	70.6	-0.046	3.826	0	0	0	0	0	0	0	0	0	0	0	0	0	0	0	15.4	0	0	0	0	0	0	0	0	0	0	0	0	0	0	0	0	0	0	0	0	0	0	0	0	0	0	0	0	0	0	0	0	0	0	
09/03/2022 11:54:15	0	0	6	15.03	15.03	1.2	2267	1306	3.829	3.8297	15.5	0	False	4.19	4.163333	4.123333	4.2	1.5069	0	3.865	3.865	70.8	-0.023	3.829	0	0	0	0	0	0	0	0	0	0	0	0	0	0	0	15.5	0	0	0	0	0	0	0	0	0	0	0	0	0	0	0	0	0	0	0	0	0	0	0	0	0	0	0	0	0	0	0	0	0	0	
09/03/2022 11:54:25	0	0	6	15.03	15.03	1.2	2271	1315	3.832	3.8327	15.6	0	False	4.191667	4.201667	4.255	4.2	1.5174	0	3.865	3.865	70.8	-0.034	3.832	0	0	0	0	0	0	0	0	0	0	0	0	0	0	0	15.6	0	0	0	0	0	0	0	0	0	0	0	0	0	0	0	0	0	0	0	0	0	0	0	0	0	0	0	0	0	0	0	0	0	0	
09/03/2022 11:54:35	0	0	6	15.03	15.03	1.2	2271	1325	3.835	3.8359	15.4	0	False	4.2	4.196667	4.203333	4.2	1.5291	0	3.865	3.867	71.1	-0.034	3.835	0	0	0	0	0	0	0	0	0	0	0	0	0	0	0	15.4	0	0	0	0	0	0	0	0	0	0	0	0	0	0	0	0	0	0	0	0	0	0	0	0	0	0	0	0	0	0	0	0	0	0	
09/03/2022 11:54:45	0	0	6	15.03	15.03	1.2	2271	1335	3.838	3.8387	15.5	0	False	4.19	4.171667	4.125	4.2	1.5407	0	3.865	3.876	71.2	-0.023	3.838	0	0	0	0	0	0	0	0	0	0	0	0	0	0	0	15.5	0	0	0	0	0	0	0	0	0	0	0	0	0	0	0	0	0	0	0	0	0	0	0	0	0	0	0	0	0	0	0	0	0	0	
09/03/2022 11:54:55	0	0	6	15.03	15.03	1.2	2275	1345	3.841	3.8422	15.4	0	False	4.201667	4.208333	4.26	4.2	1.5524	0	3.876	3.876	71.3	-0.034	3.841	0	0	0	0	0	0	0	0	0	0	0	0	0	0	0	15.4	0	0	0	0	0	0	0	0	0	0	0	0	0	0	0	0	0	0	0	0	0	0	0	0	0	0	0	0	0	0	0	0	0	0	
09/03/2022 11:55:05	0	0	6	15.03	15.03	1.2	2273	1355	3.844	3.8447	15.5	0	False	4.191667	4.175	4.196667	4.2	1.564	0	3.888	3.877	71.5	-0.034	3.844	0	0	0	0	0	0	0	0	0	0	0	0	0	0	0	15.5	0	0	0	0	0	0	0	0	0	0	0	0	0	0	0	0	0	0	0	0	0	0	0	0	0	0	0	0	0	0	0	0	0	0	
09/03/2022 11:55:15	0	0	6	15.03	15.03	1.2	2279	1365	3.847	3.8473	15.5	0	False	4.188334	4.216667	4.271667	4.2	1.5756	0	3.888	3.888	71.6	-0.046	3.847	0	0	0	0	0	0	0	0	0	0	0	0	0	0	0	15.5	0	0	0	0	0	0	0	0	0	0	0	0	0	0	0	0	0	0	0	0	0	0	0	0	0	0	0	0	0	0	0	0	0	0	
09/03/2022 11:55:25	0	0	6	15.03	15.03	1.2	2277	1375	3.849	3.8503	15.5	0	False	4.198333	4.198333	4.231667	4.2	1.5873	0	3.888	3.888	71.8	-0.034	3.849	0	0	0	0	0	0	0	0	0	0	0	0	0	0	0	15.5	0	0	0	0	0	0	0	0	0	0	0	0	0	0	0	0	0	0	0	0	0	0	0	0	0	0	0	0	0	0	0	0	0	0	
09/03/2022 11:55:35	0	0	6	15.03	15.03	1.2	2279	1385	3.852	3.8527	15.6	0	False	4.181667	4.151667	4.165	4.2	1.5989	0	3.888	3.888	71.9	-0.034	3.852	0	0	0	0	0	0	0	0	0	0	0	0	0	0	0	15.6	0	0	0	0	0	0	0	0	0	0	0	0	0	0	0	0	0	0	0	0	0	0	0	0	0	0	0	0	0	0	0	0	0	0	
09/03/2022 11:55:45	0	0	6	15.03	15.03	1.2	2281	1395	3.855	3.8559	15.5	0	False	4.191667	4.225	4.25	4.2	1.6106	0	3.888	3.888	72	-0.034	3.855	0	0	0	0	0	0	0	0	0	0	0	0	0	0	0	15.5	0	0	0	0	0	0	0	0	0	0	0	0	0	0	0	0	0	0	0	0	0	0	0	0	0	0	0	0	0	0	0	0	0	0	
09/03/2022 11:55:55	0	0	6	15.03	15.03	1.2	2283	1405	3.858	3.8586	15.4	0	False	4.191667	4.178333	4.165	4.2	1.6222	0	3.888	3.899	72.2	-0.034	3.858	0	0	0	0	0	0	0	0	0	0	0	0	0	0	0	15.4	0	0	0	0	0	0	0	0	0	0	0	0	0	0	0	0	0	0	0	0	0	0	0	0	0	0	0	0	0	0	0	0	0	0	
09/03/2022 11:56:05	0	0	6	15.03	15.03	1.2	2285	1415	3.86	3.8614	15.3	0	False	4.183333	4.211667	4.263333	4.2	1.6339	0	3.899	3.899	72.3	-0.046	3.86	0	0	0	0	0	0	0	0	0	0	0	0	0	0	0	15.3	0	0	0	0	0	0	0	0	0	0	0	0	0	0	0	0	0	0	0	0	0	0	0	0	0	0	0	0	0	0	0	0	0	0	
09/03/2022 11:56:15	0	0	6	15.03	15.03	1.2	2285	1425	3.863	3.8641	15.4	0	False	4.2	4.198333	4.218333	4.2	1.6456	0	3.899	3.899	72.5	-0.034	3.863	0	0	0	0	0	0	0	0	0	0	0	0	0	0	0	15.4	0	0	0	0	0	0	0	0	0	0	0	0	0	0	0	0	0	0	0	0	0	0	0	0	0	0	0	0	0	0	0	0	0	0	
09/03/2022 11:56:25	0	0	6	15.03	15.03	1.2	2289	1435	3.866	3.8666	15.5	0	False	4.186666	4.191667	4.291667	4.2	1.6572	0	3.899	3.9	72.6	-0.034	3.866	0	0	0	0	0	0	0	0	0	0	0	0	0	0	0	15.5	0	0	0	0	0	0	0	0	0	0	0	0	0	0	0	0	0	0	0	0	0	0	0	0	0	0	0	0	0	0	0	0	0	0	
09/03/2022 11:56:35	0	0	6	15.03	15.03	1.2	2289	1445	3.869	3.8697	15.5	0	False	4.198333	4.206666	4.196667	4.2	1.6689	0	3.91	3.908	72.7	-0.034	3.869	0	0	0	0	0	0	0	0	0	0	0	0	0	0	0	15.5	0	0	0	0	0	0	0	0	0	0	0	0	0	0	0	0	0	0	0	0	0	0	0	0	0	0	0	0	0	0	0	0	0	0	
09/03/2022 11:56:45	0	0	6	15.03	15.03	1.2	2291	1455	3.872	3.8722	15.4	0	False	4.193333	4.175	4.19	4.2	1.6805	0	3.91	3.91	72.8	-0.046	3.872	0	0	0	0	0	0	0	0	0	0	0	0	0	0	0	15.4	0	0	0	0	0	0	0	0	0	0	0	0	0	0	0	0	0	0	0	0	0	0	0	0	0	0	0	0	0	0	0	0	0	0	
09/03/2022 11:56:55	0	0	6	15.03	15.03	1.2	2293	1465	3.874	3.8747	15.5	0	False	4.183333	4.193333	4.26	4.2	1.6921	0	3.91	3.91	73	-0.023	3.874	0	0	0	0	0	0	0	0	0	0	0	0	0	0	0	15.5	0	0	0	0	0	0	0	0	0	0	0	0	0	0	0	0	0	0	0	0	0	0	0	0	0	0	0	0	0	0	0	0	0	0	
09/03/2022 11:57:05	0	0	6	15.03	15.03	1.2	2293	1475	3.877	3.8774	15.5	0	False	4.196667	4.193333	4.165	4.2	1.7039	0	3.91	3.91	73.2	-0.023	3.877	0	0	0	0	0	0	0	0	0	0	0	0	0	0	0	15.5	0	0	0	0	0	0	0	0	0	0	0	0	0	0	0	0	0	0	0	0	0	0	0	0	0	0	0	0	0	0	0	0	0	0	
09/03/2022 11:57:15	0	0	6	15.03	15.03	1.2	2295	1485	3.88	3.8809	15.5	0	False	4.183333	4.163333	4.155	4.2	1.7155	0	3.922	3.913	73.3	-0.034	3.88	0	0	0	0	0	0	0	0	0	0	0	0	0	0	0	15.5	0	0	0	0	0	0	0	0	0	0	0	0	0	0	0	0	0	0	0	0	0	0	0	0	0	0	0	0	0	0	0	0	0	0	
09/03/2022 11:57:25	0	0	6	15.03	15.03	1.2	2297	1495	3.883	3.8834	15.6	0	False	4.19	4.225	4.231667	4.2	1.7272	0	3.91	3.918	73.3	-0.034	3.883	0	0	0	0	0	0	0	0	0	0	0	0	0	0	0	15.6	0	0	0	0	0	0	0	0	0	0	0	0	0	0	0	0	0	0	0	0	0	0	0	0	0	0	0	0	0	0	0	0	0	0	
09/03/2022 11:57:35	0	0	6	15.03	15.03	1.2	2299	1505	3.885	3.8859	15.8	0	False	4.195	4.181667	4.206666	4.2	1.7388	0	3.91	3.922	73.6	-0.034	3.885	0	0	0	0	0	0	0	0	0	0	0	0	0	0	0	15.8	0	0	0	0	0	0	0	0	0	0	0	0	0	0	0	0	0	0	0	0	0	0	0	0	0	0	0	0	0	0	0	0	0	0	
09/03/2022 11:57:46	0	0	6	15.03	15.03	1.2	2301	1515	3.888	3.8884	15.8	0	False	4.188334	4.198333	4.291667	4.2	1.7504	0	3.922	3.922	73.7	-0.023	3.888	0	0	0	0	0	0	0	0	0	0	0	0	0	0	0	15.8	0	0	0	0	0	0	0	0	0	0	0	0	0	0	0	0	0	0	0	0	0	0	0	0	0	0	0	0	0	0	0	0	0	0	
09/03/2022 11:57:56	0	0	6	15.03	15.03	1.2	2303	1525	3.89	3.8911	15.7	0	False	4.203333	4.205	4.196667	4.2	1.7621	0	3.922	3.922	73.8	-0.034	3.89	0	0	0	0	0	0	0	0	0	0	0	0	0	0	0	15.7	0	0	0	0	0	0	0	0	0	0	0	0	0	0	0	0	0	0	0	0	0	0	0	0	0	0	0	0	0	0	0	0	0	0	
09/03/2022 11:58:06	0	0	6	15.03	15.03	1.2	2303	1535	3.893	3.8935	15.8	0	False	4.195	4.178333	4.178333	4.2	1.7737	0	3.922	3.926	74	-0.034	3.893	0	0	0	0	0	0	0	0	0	0	0	0	0	0	0	15.8	0	0	0	0	0	0	0	0	0	0	0	0	0	0	0	0	0	0	0	0	0	0	0	0	0	0	0	0	0	0	0	0	0	0	
09/03/2022 11:58:16	0	0	6	15.03	15.03	1.2	2305	1545	3.896	3.8972	15.8	0	False	4.188334	4.22	4.291667	4.2	1.7853	0	3.933	3.933	74.1	-0.023	3.896	0	0	0	0	0	0	0	0	0	0	0	0	0	0	0	15.8	0	0	0	0	0	0	0	0	0	0	0	0	0	0	0	0	0	0	0	0	0	0	0	0	0	0	0	0	0	0	0	0	0	0	
09/03/2022 11:58:26	0	0	6	15.03	15.03	1.2	2307	1555	3.899	3.8997	15.7	0	False	4.205	4.2	4.176667	4.2	1.7971	0	3.933	3.933	74.3	-0.034	3.899	0	0	0	0	0	0	0	0	0	0	0	0	0	0	0	15.7	0	0	0	0	0	0	0	0	0	0	0	0	0	0	0	0	0	0	0	0	0	0	0	0	0	0	0	0	0	0	0	0	0	0	
09/03/2022 11:58:36	0	0	6	15.03	15.03	1.2	2309	1565	3.902	3.9022	15.8	0	False	4.191667	4.198333	4.25	4.2	1.8087	0	3.933	3.935	74.4	-0.034	3.902	0	0	0	0	0	0	0	0	0	0	0	0	0	0	0	15.8	0	0	0	0	0	0	0	0	0	0	0	0	0	0	0	0	0	0	0	0	0	0	0	0	0	0	0	0	0	0	0	0	0	0	
09/03/2022 11:58:46	0	0	6	15.03	15.03	1.2	2311	1575	3.904	3.9047	15.8	0	False	4.198333	4.225	4.231667	4.2	1.8204	0	3.933	3.945	74.5	-0.034	3.904	0	0	0	0	0	0	0	0	0	0	0	0	0	0	0	15.8	0	0	0	0	0	0	0	0	0	0	0	0	0	0	0	0	0	0	0	0	0	0	0	0	0	0	0	0	0	0	0	0	0	0	
09/03/2022 11:58:56	0	0	6	15.03	15.03	1.2	2311	1585	3.907	3.9072	15.8	0	False	4.2	4.176667	4.165	4.2	1.8321	0	3.933	3.945	74.6	-0.023	3.907	0	0	0	0	0	0	0	0	0	0	0	0	0	0	0	15.8	0	0	0	0	0	0	0	0	0	0	0	0	0	0	0	0	0	0	0	0	0	0	0	0	0	0	0	0	0	0	0	0	0	0	
09/03/2022 11:59:06	0	0	6	15.03	15.03	1.2	2311	1595	3.909	3.9097	15.8	0	False	4.183333	4.176667	4.25	4.2	1.8437	0	3.945	3.945	74.8	-0.034	3.909	0	0	0	0	0	0	0	0	0	0	0	0	0	0	0	15.8	0	0	0	0	0	0	0	0	0	0	0	0	0	0	0	0	0	0	0	0	0	0	0	0	0	0	0	0	0	0	0	0	0	0	
09/03/2022 11:59:16	0	0	6	15.03	15.03	1.2	2315	1605	3.912	3.9122	15.8	0	False	4.19	4.21	4.206666	4.2	1.8554	0	3.945	3.945	74.9	-0.034	3.912	0	0	0	0	0	0	0	0	0	0	0	0	0	0	0	15.8	0	0	0	0	0	0	0	0	0	0	0	0	0	0	0	0	0	0	0	0	0	0	0	0	0	0	0	0	0	0	0	0	0	0	
09/03/2022 11:59:26	0	0	6	15.03	15.03	1.2	2313	1615	3.914	3.9147	15.8	0	False	4.196667	4.186666	4.21	4.2	1.8671	0	3.945	3.954	75	-0.034	3.914	0	0	0	0	0	0	0	0	0	0	0	0	0	0	0	15.8	0	0	0	0	0	0	0	0	0	0	0	0	0	0	0	0	0	0	0	0	0	0	0	0	0	0	0	0	0	0	0	0	0	0	
09/03/2022 11:59:36	0	0	6	15.03	15.03	1.2	2319	1625	3.917	3.9174	15.7	0	False	4.185	4.198333	4.25	4.2	1.8786	0	3.956	3.956	75.2	-0.034	3.917	0	0	0	0	0	0	0	0	0	0	0	0	0	0	0	15.7	0	0	0	0	0	0	0	0	0	0	0	0	0	0	0	0	0	0	0	0	0	0	0	0	0	0	0	0	0	0	0	0	0	0	
09/03/2022 11:59:46	0	0	6	15.03	15.03	1.2	2319	1635	3.919	3.9197	15.7	0	False	4.201667	4.213333	4.25	4.2	1.8904	0	3.956	3.956	75.2	-0.034	3.919	0	0	0	0	0	0	0	0	0	0	0	0	0	0	0	15.7	0	0	0	0	0	0	0	0	0	0	0	0	0	0	0	0	0	0	0	0	0	0	0	0	0	0	0	0	0	0	0	0	0	0	
09/03/2022 11:59:56	0	0	6	15.03	15.03	1.2	2319	1645	3.922	3.9222	15.8	0	False	4.2	4.185	4.155	4.2	1.902	0	3.956	3.956	75.4	-0.034	3.922	0	0	0	0	0	0	0	0	0	0	0	0	0	0	0	15.8	0	0	0	0	0	0	0	0	0	0	0	0	0	0	0	0	0	0	0	0	0	0	0	0	0	0	0	0	0	0	0	0	0	0	
09/03/2022 12:00:06	0	0	6	15.03	15.03	1.2	2321	1655	3.924	3.9247	15.9	0	False	4.186666	4.191667	4.263333	4.2	1.9136	0	3.956	3.959	75.6	-0.034	3.924	0	0	0	0	0	0	0	0	0	0	0	0	0	0	0	15.9	0	0	0	0	0	0	0	0	0	0	0	0	0	0	0	0	0	0	0	0	0	0	0	0	0	0	0	0	0	0	0	0	0	0	
09/03/2022 12:00:16	0	0	6	15.03	15.03	1.2	2321	1665	3.927	3.9272	15.8	0	False	4.203333	4.21	4.23	4.2	1.9253	0	3.956	3.968	75.6	-0.034	3.927	0	0	0	0	0	0	0	0	0	0	0	0	0	0	0	15.8	0	0	0	0	0	0	0	0	0	0	0	0	0	0	0	0	0	0	0	0	0	0	0	0	0	0	0	0	0	0	0	0	0	0	
09/03/2022 12:00:26	0	0	6	15.03	15.03	1.2	2323	1675	3.929	3.9297	15.7	0	False	4.196667	4.171667	4.206666	4.2	1.937	0	3.968	3.968	75.7	-0.046	3.929	0	0	0	0	0	0	0	0	0	0	0	0	0	0	0	15.7	0	0	0	0	0	0	0	0	0	0	0	0	0	0	0	0	0	0	0	0	0	0	0	0	0	0	0	0	0	0	0	0	0	0	
09/03/2022 12:00:36	0	0	6	15.03	15.03	1.2	2323	1685	3.931	3.9321	15.9	0	False	4.183333	4.166667	4.165	4.2	1.9486	0	3.968	3.968	75.8	-0.034	3.931	0	0	0	0	0	0	0	0	0	0	0	0	0	0	0	15.9	0	0	0	0	0	0	0	0	0	0	0	0	0	0	0	0	0	0	0	0	0	0	0	0	0	0	0	0	0	0	0	0	0	0	
09/03/2022 12:00:46	0	0	6	15.03	15.03	1.2	2323	1695	3.933	3.9347	15.7	0	False	4.193333	4.211667	4.125	4.2	1.9603	0	3.968	3.968	76	-0.034	3.933	0	0	0	0	0	0	0	0	0	0	0	0	0	0	0	15.7	0	0	0	0	0	0	0	0	0	0	0	0	0	0	0	0	0	0	0	0	0	0	0	0	0	0	0	0	0	0	0	0	0	0	
09/03/2022 12:00:56	0	0	6	15.03	15.03	1.2	2325	1705	3.935	3.9361	15.8	0	False	4.193333	4.181667	4.155	4.2	1.972	0	3.968	3.969	76.1	-0.034	3.935	0	0	0	0	0	0	0	0	0	0	0	0	0	0	0	15.8	0	0	0	0	0	0	0	0	0	0	0	0	0	0	0	0	0	0	0	0	0	0	0	0	0	0	0	0	0	0	0	0	0	0	
09/03/2022 12:01:06	0	0	6	15.03	15.03	1.2	2329	1715	3.938	3.9385	15.7	0	False	4.183333	4.173333	4.25	4.2	1.9835	0	3.968	3.976	76.2	-0.034	3.938	0	0	0	0	0	0	0	0	0	0	0	0	0	0	0	15.7	0	0	0	0	0	0	0	0	0	0	0	0	0	0	0	0	0	0	0	0	0	0	0	0	0	0	0	0	0	0	0	0	0	0	
09/03/2022 12:01:16	0	0	6	15.03	15.03	1.2	2331	1725	3.94	3.941	15.8	0	False	4.193333	4.201667	4.206666	4.2	1.9952	0	3.968	3.979	76.3	-0.046	3.94	0	0	0	0	0	0	0	0	0	0	0	0	0	0	0	15.8	0	0	0	0	0	0	0	0	0	0	0	0	0	0	0	0	0	0	0	0	0	0	0	0	0	0	0	0	0	0	0	0	0	0	
09/03/2022 12:01:26	0	0	6	15.03	15.03	1.2	2329	1735	3.943	3.9436	15.8	0	False	4.196667	4.196667	4.19	4.2	2.0068	0	3.979	3.979	76.5	-0.034	3.943	0	0	0	0	0	0	0	0	0	0	0	0	0	0	0	15.8	0	0	0	0	0	0	0	0	0	0	0	0	0	0	0	0	0	0	0	0	0	0	0	0	0	0	0	0	0	0	0	0	0	0	
09/03/2022 12:01:36	0	0	6	15.03	15.03	1.2	2333	1745	3.946	3.9467	15.7	0	False	4.18	4.168334	4.26	4.2	2.0184	0	3.979	3.979	76.6	-0.034	3.946	0	0	0	0	0	0	0	0	0	0	0	0	0	0	0	15.7	0	0	0	0	0	0	0	0	0	0	0	0	0	0	0	0	0	0	0	0	0	0	0	0	0	0	0	0	0	0	0	0	0	0	
09/03/2022 12:01:47	0	0	6	15.03	15.03	1.2	2333	1755	3.948	3.9492	15.5	0	False	4.19	4.216667	4.206666	4.2	2.0301	0	3.979	3.981	76.7	-0.034	3.948	0	0	0	0	0	0	0	0	0	0	0	0	0	0	0	15.5	0	0	0	0	0	0	0	0	0	0	0	0	0	0	0	0	0	0	0	0	0	0	0	0	0	0	0	0	0	0	0	0	0	0	
09/03/2022 12:01:57	0	0	6	15.03	15.03	1.3	2337	1765	3.95	3.9511	15.5	0	False	4.2	4.193333	4.286667	4.2	2.0418	0	3.991	3.989	76.8	-0.046	3.95	0	0	0	0	0	0	0	0	0	0	0	0	0	0	0	15.5	0	0	0	0	0	0	0	0	0	0	0	0	0	0	0	0	0	0	0	0	0	0	0	0	0	0	0	0	0	0	0	0	0	0	
09/03/2022 12:02:07	0	0	6	15.03	15.03	1.2	2335	1775	3.953	3.9535	15.5	0	False	4.183333	4.163333	4.273334	4.2	2.0533	0	3.991	3.991	77	-0.046	3.953	0	0	0	0	0	0	0	0	0	0	0	0	0	0	0	15.5	0	0	0	0	0	0	0	0	0	0	0	0	0	0	0	0	0	0	0	0	0	0	0	0	0	0	0	0	0	0	0	0	0	0	
09/03/2022 12:02:17	0	0	6	15.03	15.03	1.2	2337	1785	3.955	3.956	15.6	0	False	4.176667	4.19	4.155	4.2	2.0649	0	3.991	3.991	77	-0.034	3.955	0	0	0	0	0	0	0	0	0	0	0	0	0	0	0	15.6	0	0	0	0	0	0	0	0	0	0	0	0	0	0	0	0	0	0	0	0	0	0	0	0	0	0	0	0	0	0	0	0	0	0	
09/03/2022 12:02:27	0	0	6	15.03	15.03	1.2	2339	1795	3.957	3.9585	15.5	0	False	4.193333	4.203333	4.176667	4.2	2.0767	0	3.991	3.992	77.1	-0.034	3.957	0	0	0	0	0	0	0	0	0	0	0	0	0	0	0	15.5	0	0	0	0	0	0	0	0	0	0	0	0	0	0	0	0	0	0	0	0	0	0	0	0	0	0	0	0	0	0	0	0	0	0	
09/03/2022 12:02:37	0	0	6	15.03	15.03	1.2	2339	1805	3.959	3.9597	15.5	0	False	4.186666	4.18	4.165	4.2	2.0883	0	3.991	4.002	77.2	-0.046	3.959	0	0	0	0	0	0	0	0	0	0	0	0	0	0	0	15.5	0	0	0	0	0	0	0	0	0	0	0	0	0	0	0	0	0	0	0	0	0	0	0	0	0	0	0	0	0	0	0	0	0	0	
09/03/2022 12:02:47	0	0	6	15.03	15.03	1.2	2341	1815	3.962	3.9622	15.5	0	False	4.173333	4.15	4.146667	4.2	2.0999	0	4.002	4.002	77.4	-0.046	3.962	0	0	0	0	0	0	0	0	0	0	0	0	0	0	0	15.5	0	0	0	0	0	0	0	0	0	0	0	0	0	0	0	0	0	0	0	0	0	0	0	0	0	0	0	0	0	0	0	0	0	0	
09/03/2022 12:02:57	0	0	6	15.03	15.03	1.2	2339	1825	3.964	3.9647	15.5	0	False	4.183333	4.221667	4.23	4.2	2.1116	0	4.002	4.002	77.5	-0.034	3.964	0	0	0	0	0	0	0	0	0	0	0	0	0	0	0	15.5	0	0	0	0	0	0	0	0	0	0	0	0	0	0	0	0	0	0	0	0	0	0	0	0	0	0	0	0	0	0	0	0	0	0	
09/03/2022 12:03:07	0	0	6	15.03	15.03	1.2	2343	1833	3.966	3.9664	15.5	0	False	4.196667	4.198333	4.176667	4.2	2.1209	0	4.002	4.002	77.6	-0.034	3.966	0	0	0	0	0	0	0	0	0	0	0	0	0	0	0	15.5	0	0	0	0	0	0	0	0	0	0	0	0	0	0	0	0	0	0	0	0	0	0	0	0	0	0	0	0	0	0	0	0	0	0	
09/03/2022 12:03:17	0	0	6	15.03	15.03	1.2	2345	1845	3.968	3.9696	15.4	0	False	4.18	4.156667	4.23	4.2	2.1348	0	4.002	4.002	77.7	-0.034	3.968	0	0	0	0	0	0	0	0	0	0	0	0	0	0	0	15.4	0	0	0	0	0	0	0	0	0	0	0	0	0	0	0	0	0	0	0	0	0	0	0	0	0	0	0	0	0	0	0	0	0	0	
09/03/2022 12:03:27	0	0	6	15.03	15.03	1.2	2343	1855	3.97	3.971	15.4	0	False	4.193333	4.208333	4.241667	4.2	2.1465	0	4.002	4.01	77.8	-0.046	3.97	0	0	0	0	0	0	0	0	0	0	0	0	0	0	0	15.4	0	0	0	0	0	0	0	0	0	0	0	0	0	0	0	0	0	0	0	0	0	0	0	0	0	0	0	0	0	0	0	0	0	0	
09/03/2022 12:03:37	0	0	6	15.03	15.03	1.2	2347	1865	3.973	3.9736	15.4	0	False	4.19	4.181667	4.196667	4.2	2.1581	0	4.002	4.014	78	-0.046	3.973	0	0	0	0	0	0	0	0	0	0	0	0	0	0	0	15.4	0	0	0	0	0	0	0	0	0	0	0	0	0	0	0	0	0	0	0	0	0	0	0	0	0	0	0	0	0	0	0	0	0	0	
09/03/2022 12:03:47	0	0	6	15.03	15.03	1.3	2349	1875	3.975	3.976	15.4	0	False	4.176667	4.186666	4.26	4.2	2.1697	0	4.014	4.014	78.1	-0.034	3.975	0	0	0	0	0	0	0	0	0	0	0	0	0	0	0	15.4	0	0	0	0	0	0	0	0	0	0	0	0	0	0	0	0	0	0	0	0	0	0	0	0	0	0	0	0	0	0	0	0	0	0	
09/03/2022 12:03:58	0	0	6	15.03	15.03	1.2	2349	1885	3.978	3.9785	15.3	0	False	4.186666	4.213333	4.218333	4.2	2.1814	0	4.014	4.014	78.2	-0.034	3.978	0	0	0	0	0	0	0	0	0	0	0	0	0	0	0	15.3	0	0	0	0	0	0	0	0	0	0	0	0	0	0	0	0	0	0	0	0	0	0	0	0	0	0	0	0	0	0	0	0	0	0	
09/03/2022 12:04:08	0	0	6	15.03	15.03	1.2	2349	1895	3.98	3.981	15.4	0	False	4.19	4.178333	4.178333	4.2	2.1931	0	4.014	4.014	78.3	-0.034	3.98	0	0	0	0	0	0	0	0	0	0	0	0	0	0	0	15.4	0	0	0	0	0	0	0	0	0	0	0	0	0	0	0	0	0	0	0	0	0	0	0	0	0	0	0	0	0	0	0	0	0	0	
09/03/2022 12:04:18	0	0	6	15.03	15.03	1.3	2353	1905	3.983	3.9835	15.3	0	False	4.18	4.201667	4.25	4.2	2.2047	0	4.025	4.021	78.5	-0.034	3.983	0	0	0	0	0	0	0	0	0	0	0	0	0	0	0	15.3	0	0	0	0	0	0	0	0	0	0	0	0	0	0	0	0	0	0	0	0	0	0	0	0	0	0	0	0	0	0	0	0	0	0	
09/03/2022 12:04:28	0	0	6	15.03	15.03	1.2	2353	1915	3.985	3.986	15.5	0	False	4.196667	4.22	4.196667	4.2	2.2165	0	4.025	4.025	78.6	-0.046	3.985	0	0	0	0	0	0	0	0	0	0	0	0	0	0	0	15.5	0	0	0	0	0	0	0	0	0	0	0	0	0	0	0	0	0	0	0	0	0	0	0	0	0	0	0	0	0	0	0	0	0	0	
09/03/2022 12:04:38	0	0	6	15.03	15.03	1.2	2355	1925	3.988	3.9885	15.4	0	False	4.188334	4.176667	4.206666	4.2	2.2281	0	4.025	4.025	78.7	-0.023	3.988	0	0	0	0	0	0	0	0	0	0	0	0	0	0	0	15.4	0	0	0	0	0	0	0	0	0	0	0	0	0	0	0	0	0	0	0	0	0	0	0	0	0	0	0	0	0	0	0	0	0	0	
09/03/2022 12:04:48	0	0	6	15.03	15.03	1.3	2357	1935	3.99	3.9911	15.6	0	False	4.188334	4.213333	4.283333	4.2	2.2397	0	4.025	4.025	78.8	-0.034	3.99	0	0	0	0	0	0	0	0	0	0	0	0	0	0	0	15.6	0	0	0	0	0	0	0	0	0	0	0	0	0	0	0	0	0	0	0	0	0	0	0	0	0	0	0	0	0	0	0	0	0	0	
09/03/2022 12:04:59	0	0	6	15.03	15.03	1.3	2359	1946	3.993	3.9947	15.5	0	False	4.198333	4.19	4.333333	4.2	2.2526	0	4.025	4.029	79	-0.034	3.993	0	0	0	0	0	0	0	0	0	0	0	0	0	0	0	15.5	0	0	0	0	0	0	0	0	0	0	0	0	0	0	0	0	0	0	0	0	0	0	0	0	0	0	0	0	0	0	0	0	0	0	
09/03/2022 12:05:09	0	0	6	15.03	15.03	1.3	2361	1956	3.997	3.9972	15.4	0	False	4.188334	4.178333	4.23	4.2	2.2642	0	4.025	4.037	79.1	-0.034	3.997	0	0	0	0	0	0	0	0	0	0	0	0	0	0	0	15.4	0	0	0	0	0	0	0	0	0	0	0	0	0	0	0	0	0	0	0	0	0	0	0	0	0	0	0	0	0	0	0	0	0	0	
09/03/2022 12:05:19	0	0	6	15.03	15.03	1.2	2363	1966	3.999	3.9997	15.3	0	False	4.205	4.205	4.05	4.2	2.276	0	4.037	4.037	79.2	-0.034	3.999	0	0	0	0	0	0	0	0	0	0	0	0	0	0	0	15.3	0	0	0	0	0	0	0	0	0	0	0	0	0	0	0	0	0	0	0	0	0	0	0	0	0	0	0	0	0	0	0	0	0	0	
09/03/2022 12:05:29	0	0	6	15.03	15.03	1.2	2363	1976	4.002	4.0025	15.5	0	False	4.196667	4.17	4.17	4.2	2.2876	0	4.037	4.039	79.4	-0.034	4.002	0	0	0	0	0	0	0	0	0	0	0	0	0	0	0	15.5	0	0	0	0	0	0	0	0	0	0	0	0	0	0	0	0	0	0	0	0	0	0	0	0	0	0	0	0	0	0	0	0	0	0	
09/03/2022 12:05:39	0	0	6	15.03	15.03	1.2	2365	1986	4.005	4.006	15.5	0	False	4.196667	4.213333	4.08	4.2	2.2993	0	4.037	4.044	79.6	-0.034	4.005	0	0	0	0	0	0	0	0	0	0	0	0	0	0	0	15.5	0	0	0	0	0	0	0	0	0	0	0	0	0	0	0	0	0	0	0	0	0	0	0	0	0	0	0	0	0	0	0	0	0	0	
09/03/2022 12:05:49	0	0	6	15.03	15.03	1.3	2369	1996	4.008	4.0088	15.5	0	False	4.2	4.188334	4.291667	4.2	2.3109	0	4.048	4.048	79.7	-0.046	4.008	0	0	0	0	0	0	0	0	0	0	0	0	0	0	0	15.5	0	0	0	0	0	0	0	0	0	0	0	0	0	0	0	0	0	0	0	0	0	0	0	0	0	0	0	0	0	0	0	0	0	0	
09/03/2022 12:05:59	0	0	6	15.03	15.03	1.3	2371	2006	4.012	4.0122	15.6	0	False	4.186666	4.186666	4.271667	4.2	2.3225	0	4.048	4.048	79.9	-0.034	4.012	0	0	0	0	0	0	0	0	0	0	0	0	0	0	0	15.6	0	0	0	0	0	0	0	0	0	0	0	0	0	0	0	0	0	0	0	0	0	0	0	0	0	0	0	0	0	0	0	0	0	0	
09/03/2022 12:06:09	0	0	6	15.03	15.03	1.2	2371	2015	4.015	4.0158	15.4	0	False	4.201667	4.201667	4.231667	4.2	2.3331	0	4.06	4.055	80.2	-0.034	4.015	0	0	0	0	0	0	0	0	0	0	0	0	0	0	0	15.4	0	0	0	0	0	0	0	0	0	0	0	0	0	0	0	0	0	0	0	0	0	0	0	0	0	0	0	0	0	0	0	0	0	0	
09/03/2022 12:06:19	0	0	6	15.03	15.03	1.2	2371	2026	4.018	4.0185	15.6	0	False	4.185	4.165	4.155	4.2	2.3458	0	4.06	4.06	80.5	-0.046	4.018	0	0	0	0	0	0	0	0	0	0	0	0	0	0	0	15.6	0	0	0	0	0	0	0	0	0	0	0	0	0	0	0	0	0	0	0	0	0	0	0	0	0	0	0	0	0	0	0	0	0	0	
09/03/2022 12:06:29	0	0	6	15.03	15.03	1.3	2373	2035	4.022	4.0222	15.6	0	False	4.195	4.211667	4.23	4.2	2.3564	0	4.06	4.06	80.6	-0.034	4.022	0	0	0	0	0	0	0	0	0	0	0	0	0	0	0	15.6	0	0	0	0	0	0	0	0	0	0	0	0	0	0	0	0	0	0	0	0	0	0	0	0	0	0	0	0	0	0	0	0	0	0	
09/03/2022 12:06:39	0	0	6	15.03	15.03	1.2	2375	2045	4.025	4.0257	15.7	0	False	4.188334	4.165	4.123333	4.2	2.368	0	4.06	4.06	81.2	-0.034	4.025	0	0	0	0	0	0	0	0	0	0	0	0	0	0	0	15.7	0	0	0	0	0	0	0	0	0	0	0	0	0	0	0	0	0	0	0	0	0	0	0	0	0	0	0	0	0	0	0	0	0	0	
09/03/2022 12:06:49	0	0	6	15.03	15.03	1.2	2379	2055	4.028	4.0288	15.8	0	False	4.193333	4.218333	4.241667	4.2	2.3797	0	4.071	4.071	81.4	-0.034	4.028	0	0	0	0	0	0	0	0	0	0	0	0	0	0	0	15.8	0	0	0	0	0	0	0	0	0	0	0	0	0	0	0	0	0	0	0	0	0	0	0	0	0	0	0	0	0	0	0	0	0	0	
09/03/2022 12:06:59	0	0	6	15.03	15.03	1.2	2379	2065	4.032	4.0322	15.7	0	False	4.186666	4.168334	4.165	4.2	2.3913	0	4.071	4.071	81.6	-0.046	4.032	0	0	0	0	0	0	0	0	0	0	0	0	0	0	0	15.7	0	0	0	0	0	0	0	0	0	0	0	0	0	0	0	0	0	0	0	0	0	0	0	0	0	0	0	0	0	0	0	0	0	0	
09/03/2022 12:07:09	0	0	6	15.03	15.03	1.3	2381	2075	4.035	4.036	15.8	0	False	4.19	4.215	4.196667	4.2	2.403	0	4.071	4.073	82.1	-0.034	4.035	0	0	0	0	0	0	0	0	0	0	0	0	0	0	0	15.8	0	0	0	0	0	0	0	0	0	0	0	0	0	0	0	0	0	0	0	0	0	0	0	0	0	0	0	0	0	0	0	0	0	0	
09/03/2022 12:07:19	0	0	6	15.03	15.03	1.2	2383	2085	4.039	4.0397	15.8	0	False	4.193333	4.155	4.196667	4.2	2.4146	0	4.071	4.081	82.5	-0.034	4.039	0	0	0	0	0	0	0	0	0	0	0	0	0	0	0	15.8	0	0	0	0	0	0	0	0	0	0	0	0	0	0	0	0	0	0	0	0	0	0	0	0	0	0	0	0	0	0	0	0	0	0	
09/03/2022 12:07:29	0	0	6	15.03	15.03	1.3	2385	2095	4.043	4.0436	15.6	0	False	4.19	4.22	4.231667	4.2	2.4263	0	4.082	4.082	82.8	-0.034	4.043	0	0	0	0	0	0	0	0	0	0	0	0	0	0	0	15.6	0	0	0	0	0	0	0	0	0	0	0	0	0	0	0	0	0	0	0	0	0	0	0	0	0	0	0	0	0	0	0	0	0	0	
09/03/2022 12:07:40	0	0	6	15.03	15.03	1.2	2387	2105	4.047	4.0472	15.7	0	False	4.188334	4.161667	4.133333	4.2	2.4379	0	4.082	4.082	83.3	-0.034	4.047	0	0	0	0	0	0	0	0	0	0	0	0	0	0	0	15.7	0	0	0	0	0	0	0	0	0	0	0	0	0	0	0	0	0	0	0	0	0	0	0	0	0	0	0	0	0	0	0	0	0	0	
09/03/2022 12:07:50	0	0	6	15.03	15.03	1.3	2391	2115	4.05	4.051	15.8	0	False	4.185	4.208333	4.206666	4.2	2.4496	0	4.082	4.086	83.7	-0.046	4.05	0	0	0	0	0	0	0	0	0	0	0	0	0	0	0	15.8	0	0	0	0	0	0	0	0	0	0	0	0	0	0	0	0	0	0	0	0	0	0	0	0	0	0	0	0	0	0	0	0	0	0	
09/03/2022 12:08:00	0	0	6	15.03	15.03	1.3	2391	2125	4.054	4.0547	15.8	0	False	4.183333	4.161667	4.133333	4.2	2.4613	0	4.094	4.094	84.1	-0.046	4.054	0	0	0	0	0	0	0	0	0	0	0	0	0	0	0	15.8	0	0	0	0	0	0	0	0	0	0	0	0	0	0	0	0	0	0	0	0	0	0	0	0	0	0	0	0	0	0	0	0	0	0	
09/03/2022 12:08:10	0	0	6	15.03	15.03	1.3	2395	2135	4.058	4.0585	15.7	0	False	4.19	4.208333	4.19	4.2	2.473	0	4.094	4.094	84.3	-0.023	4.058	0	0	0	0	0	0	0	0	0	0	0	0	0	0	0	15.7	0	0	0	0	0	0	0	0	0	0	0	0	0	0	0	0	0	0	0	0	0	0	0	0	0	0	0	0	0	0	0	0	0	0	
09/03/2022 12:08:20	0	0	6	15.03	15.03	1.3	2397	2145	4.062	4.0622	15.8	0	False	4.188334	4.21	4.246666	4.2	2.4845	0	4.094	4.097	84.8	-0.034	4.062	0	0	0	0	0	0	0	0	0	0	0	0	0	0	0	15.8	0	0	0	0	0	0	0	0	0	0	0	0	0	0	0	0	0	0	0	0	0	0	0	0	0	0	0	0	0	0	0	0	0	0	
09/03/2022 12:08:30	0	0	6	15.03	15.03	1.2	2399	2155	4.065	4.066	15.9	0	False	4.205	4.198333	4.176667	4.2	2.4962	0	4.094	4.105	85.3	-0.034	4.065	0	0	0	0	0	0	0	0	0	0	0	0	0	0	0	15.9	0	0	0	0	0	0	0	0	0	0	0	0	0	0	0	0	0	0	0	0	0	0	0	0	0	0	0	0	0	0	0	0	0	0	
09/03/2022 12:08:40	0	0	6	15.03	15.03	1.3	2401	2165	4.069	4.0701	15.8	0	False	4.188334	4.156667	4.26	4.2	2.5078	0	4.105	4.105	85.7	-0.034	4.069	0	0	0	0	0	0	0	0	0	0	0	0	0	0	0	15.8	0	0	0	0	0	0	0	0	0	0	0	0	0	0	0	0	0	0	0	0	0	0	0	0	0	0	0	0	0	0	0	0	0	0	
09/03/2022 12:08:50	0	0	6	15.03	15.03	1.3	2403	2175	4.073	4.0738	15.6	0	False	4.195	4.206666	4.22	4.2	2.5196	0	4.105	4.117	86.1	-0.034	4.073	0	0	0	0	0	0	0	0	0	0	0	0	0	0	0	15.6	0	0	0	0	0	0	0	0	0	0	0	0	0	0	0	0	0	0	0	0	0	0	0	0	0	0	0	0	0	0	0	0	0	0	
09/03/2022 12:09:00	0	0	6	15.03	15.03	1.2	2403	2185	4.077	4.0776	15.6	0	False	4.188334	4.185	4.113333	4.2	2.5312	0	4.117	4.117	86.4	-0.046	4.077	0	0	0	0	0	0	0	0	0	0	0	0	0	0	0	15.6	0	0	0	0	0	0	0	0	0	0	0	0	0	0	0	0	0	0	0	0	0	0	0	0	0	0	0	0	0	0	0	0	0	0	
09/03/2022 12:09:10	0	0	6	15.03	15.03	1.3	2405	2195	4.082	4.0835	15.7	0	False	4.196667	4.195	4.155	4.2	2.5428	0	4.117	4.118	86.8	-0.034	4.082	0	0	0	0	0	0	0	0	0	0	0	0	0	0	0	15.7	0	0	0	0	0	0	0	0	0	0	0	0	0	0	0	0	0	0	0	0	0	0	0	0	0	0	0	0	0	0	0	0	0	0	
09/03/2022 12:09:20	0	0	6	15.03	15.03	1.3	2409	2205	4.085	4.0862	15.5	0	False	4.181667	4.168334	4.291667	4.2	2.5544	0	4.128	4.128	87.4	-0.046	4.085	0	0	0	0	0	0	0	0	0	0	0	0	0	0	0	15.5	0	0	0	0	0	0	0	0	0	0	0	0	0	0	0	0	0	0	0	0	0	0	0	0	0	0	0	0	0	0	0	0	0	0	
09/03/2022 12:09:30	0	0	6	15.03	15.03	1.3	2411	2215	4.09	4.091	15.4	0	False	4.195	4.201667	4.22	4.2	2.5661	0	4.128	4.128	87.6	-0.034	4.09	0	0	0	0	0	0	0	0	0	0	0	0	0	0	0	15.4	0	0	0	0	0	0	0	0	0	0	0	0	0	0	0	0	0	0	0	0	0	0	0	0	0	0	0	0	0	0	0	0	0	0	
09/03/2022 12:09:40	0	0	6	15.03	15.03	1.3	2413	2225	4.093	4.094	15.4	0	False	4.188334	4.205	4.218333	4.2	2.5778	0	4.128	4.128	88	-0.034	4.093	0	0	0	0	0	0	0	0	0	0	0	0	0	0	0	15.4	0	0	0	0	0	0	0	0	0	0	0	0	0	0	0	0	0	0	0	0	0	0	0	0	0	0	0	0	0	0	0	0	0	0	
09/03/2022 12:09:50	0	0	6	15.03	15.03	1.3	2413	2235	4.097	4.0982	15.3	0	False	4.198333	4.203333	4.176667	4.2	2.5895	0	4.128	4.14	88.5	-0.034	4.097	0	0	0	0	0	0	0	0	0	0	0	0	0	0	0	15.3	0	0	0	0	0	0	0	0	0	0	0	0	0	0	0	0	0	0	0	0	0	0	0	0	0	0	0	0	0	0	0	0	0	0	
09/03/2022 12:10:00	0	0	6	15.03	15.03	1.3	2415	2245	4.1	4.1012	15.4	0	False	4.188334	4.176667	4.113333	4.2	2.6011	0	4.14	4.14	88.7	-0.046	4.1	0	0	0	0	0	0	0	0	0	0	0	0	0	0	0	15.4	0	0	0	0	0	0	0	0	0	0	0	0	0	0	0	0	0	0	0	0	0	0	0	0	0	0	0	0	0	0	0	0	0	0	
09/03/2022 12:10:10	0	0	6	15.03	15.03	1.3	2419	2255	4.104	4.1048	15.5	0	False	4.191667	4.211667	4.231667	4.2	2.6128	0	4.14	4.14	89.1	-0.034	4.104	0	0	0	0	0	0	0	0	0	0	0	0	0	0	0	15.5	0	0	0	0	0	0	0	0	0	0	0	0	0	0	0	0	0	0	0	0	0	0	0	0	0	0	0	0	0	0	0	0	0	0	
09/03/2022 12:10:20	0	0	6	15.03	15.03	1.3	2421	2265	4.107	4.1083	15.4	0	False	4.181667	4.195	4.23	4.2	2.6244	0	4.14	4.144	89.5	-0.034	4.107	0	0	0	0	0	0	0	0	0	0	0	0	0	0	0	15.4	0	0	0	0	0	0	0	0	0	0	0	0	0	0	0	0	0	0	0	0	0	0	0	0	0	0	0	0	0	0	0	0	0	0	
09/03/2022 12:10:30	0	0	6	15.03	15.03	1.3	2421	2275	4.111	4.1115	15.4	0	False	4.195	4.205	4.196667	4.2	2.6361	0	4.151	4.151	89.7	-0.034	4.111	0	0	0	0	0	0	0	0	0	0	0	0	0	0	0	15.4	0	0	0	0	0	0	0	0	0	0	0	0	0	0	0	0	0	0	0	0	0	0	0	0	0	0	0	0	0	0	0	0	0	0	
09/03/2022 12:10:40	0	0	6	15.03	15.03	1.3	2423	2285	4.114	4.1148	15.5	0	False	4.188334	4.155	4.133333	4.2	2.6477	0	4.151	4.151	90.2	-0.034	4.114	0	0	0	0	0	0	0	0	0	0	0	0	0	0	0	15.5	0	0	0	0	0	0	0	0	0	0	0	0	0	0	0	0	0	0	0	0	0	0	0	0	0	0	0	0	0	0	0	0	0	0	
09/03/2022 12:10:51	0	0	6	15.03	15.03	1.3	2425	2295	4.117	4.1182	15.4	0	False	4.191667	4.218333	4.241667	4.2	2.6594	0	4.151	4.151	90.4	-0.034	4.117	0	0	0	0	0	0	0	0	0	0	0	0	0	0	0	15.4	0	0	0	0	0	0	0	0	0	0	0	0	0	0	0	0	0	0	0	0	0	0	0	0	0	0	0	0	0	0	0	0	0	0	
09/03/2022 12:11:01	0	0	6	15.03	15.03	1.3	2427	2305	4.12	4.121	15.4	0	False	4.193333	4.176667	4.176667	4.2	2.6711	0	4.151	4.158	90.8	-0.046	4.12	0	0	0	0	0	0	0	0	0	0	0	0	0	0	0	15.4	0	0	0	0	0	0	0	0	0	0	0	0	0	0	0	0	0	0	0	0	0	0	0	0	0	0	0	0	0	0	0	0	0	0	
09/03/2022 12:11:11	0	0	6	15.03	15.03	1.3	2429	2315	4.123	4.1237	15.4	0	False	4.19	4.226666	4.25	4.2	2.6827	0	4.163	4.163	91.1	-0.046	4.123	0	0	0	0	0	0	0	0	0	0	0	0	0	0	0	15.4	0	0	0	0	0	0	0	0	0	0	0	0	0	0	0	0	0	0	0	0	0	0	0	0	0	0	0	0	0	0	0	0	0	0	
09/03/2022 12:11:21	0	0	6	15.03	15.03	1.3	2429	2325	4.126	4.1273	15.4	0	False	4.205	4.196667	4.193333	4.2	2.6944	0	4.163	4.163	91.3	-0.034	4.126	0	0	0	0	0	0	0	0	0	0	0	0	0	0	0	15.4	0	0	0	0	0	0	0	0	0	0	0	0	0	0	0	0	0	0	0	0	0	0	0	0	0	0	0	0	0	0	0	0	0	0	
09/03/2022 12:11:31	0	0	6	15.03	15.03	1.3	2429	2335	4.128	4.1293	15.3	0	False	4.188334	4.166667	4.166667	4.2	2.706	0	4.163	4.163	91.6	-0.034	4.128	0	0	0	0	0	0	0	0	0	0	0	0	0	0	0	15.3	0	0	0	0	0	0	0	0	0	0	0	0	0	0	0	0	0	0	0	0	0	0	0	0	0	0	0	0	0	0	0	0	0	0	
09/03/2022 12:11:41	0	0	6	15.03	15.03	1.3	2433	2345	4.131	4.1323	15.4	0	False	4.181667	4.201667	4.23	4.2	2.7176	0	4.174	4.174	91.7	-0.046	4.131	0	0	0	0	0	0	0	0	0	0	0	0	0	0	0	15.4	0	0	0	0	0	0	0	0	0	0	0	0	0	0	0	0	0	0	0	0	0	0	0	0	0	0	0	0	0	0	0	0	0	0	
09/03/2022 12:11:51	0	0	6	15.03	15.03	1.3	2435	2355	4.134	4.1348	15.2	0	False	4.198333	4.208333	4.218333	4.2	2.7294	0	4.174	4.174	92.1	-0.046	4.134	0	0	0	0	0	0	0	0	0	0	0	0	0	0	0	15.2	0	0	0	0	0	0	0	0	0	0	0	0	0	0	0	0	0	0	0	0	0	0	0	0	0	0	0	0	0	0	0	0	0	0	
09/03/2022 12:12:01	0	0	6	15.03	15.03	1.3	2433	2365	4.135	4.1362	15.4	0	False	4.195	4.171667	4.196667	4.2	2.741	0	4.174	4.174	92.4	-0.034	4.135	0	0	0	0	0	0	0	0	0	0	0	0	0	0	0	15.4	0	0	0	0	0	0	0	0	0	0	0	0	0	0	0	0	0	0	0	0	0	0	0	0	0	0	0	0	0	0	0	0	0	0	
09/03/2022 12:12:11	0	0	6	15.03	15.03	1.3	2435	2375	4.138	4.1385	15.4	0	False	4.181667	4.17	4.125	4.2	2.7526	0	4.174	4.174	92.5	-0.034	4.138	0	0	0	0	0	0	0	0	0	0	0	0	0	0	0	15.4	0	0	0	0	0	0	0	0	0	0	0	0	0	0	0	0	0	0	0	0	0	0	0	0	0	0	0	0	0	0	0	0	0	0	
09/03/2022 12:12:21	0	0	6	15.03	15.03	1.3	2437	2385	4.14	4.1409	15.4	0	False	4.191667	4.225	4.196667	4.2	2.7643	0	4.186	4.182	92.6	-0.034	4.14	0	0	0	0	0	0	0	0	0	0	0	0	0	0	0	15.4	0	0	0	0	0	0	0	0	0	0	0	0	0	0	0	0	0	0	0	0	0	0	0	0	0	0	0	0	0	0	0	0	0	0	
09/03/2022 12:12:31	0	0	6	15.03	15.03	1.3	2439	2395	4.142	4.1423	15.4	0	False	4.205	4.196667	4.176667	4.2	2.776	0	4.186	4.186	92.8	-0.034	4.142	0	0	0	0	0	0	0	0	0	0	0	0	0	0	0	15.4	0	0	0	0	0	0	0	0	0	0	0	0	0	0	0	0	0	0	0	0	0	0	0	0	0	0	0	0	0	0	0	0	0	0	
09/03/2022 12:12:41	0	0	6	15.03	15.03	1.3	2439	2405	4.143	4.1437	15.5	0	False	4.191667	4.17	4.155	4.2	2.7877	0	4.174	4.186	93.2	-0.046	4.143	0	0	0	0	0	0	0	0	0	0	0	0	0	0	0	15.5	0	0	0	0	0	0	0	0	0	0	0	0	0	0	0	0	0	0	0	0	0	0	0	0	0	0	0	0	0	0	0	0	0	0	
09/03/2022 12:12:51	0	0	6	15.03	15.03	1.3	2439	2415	4.145	4.146	15.3	0	False	4.178333	4.173333	4.19	4.2	2.7993	0	4.186	4.186	93.3	-0.046	4.145	0	0	0	0	0	0	0	0	0	0	0	0	0	0	0	15.3	0	0	0	0	0	0	0	0	0	0	0	0	0	0	0	0	0	0	0	0	0	0	0	0	0	0	0	0	0	0	0	0	0	0	
09/03/2022 12:13:01	0	0	6	15.03	15.03	1.3	2441	2425	4.147	4.1473	15.5	0	False	4.188334	4.221667	4.206666	4.2	2.811	0	4.186	4.186	93.4	-0.046	4.147	0	0	0	0	0	0	0	0	0	0	0	0	0	0	0	15.5	0	0	0	0	0	0	0	0	0	0	0	0	0	0	0	0	0	0	0	0	0	0	0	0	0	0	0	0	0	0	0	0	0	0	
09/03/2022 12:13:11	0	0	6	15.03	15.03	1.3	2443	2435	4.148	4.1485	15.4	0	False	4.205	4.203333	4.25	4.2	2.8227	0	4.186	4.186	93.5	-0.034	4.148	0	0	0	0	0	0	0	0	0	0	0	0	0	0	0	15.4	0	0	0	0	0	0	0	0	0	0	0	0	0	0	0	0	0	0	0	0	0	0	0	0	0	0	0	0	0	0	0	0	0	0	
09/03/2022 12:13:21	0	0	6	15.03	15.03	1.3	2443	2445	4.149	4.1499	15.4	0	False	4.193333	4.188334	4.176667	4.2	2.8343	0	4.186	4.188	93.7	-0.034	4.149	0	0	0	0	0	0	0	0	0	0	0	0	0	0	0	15.4	0	0	0	0	0	0	0	0	0	0	0	0	0	0	0	0	0	0	0	0	0	0	0	0	0	0	0	0	0	0	0	0	0	0	
09/03/2022 12:13:31	0	0	6	15.03	15.03	1.3	2443	2455	4.151	4.1521	15.3	0	False	4.176667	4.175	4.22	4.2	2.8459	0	4.186	4.193	93.8	-0.034	4.151	0	0	0	0	0	0	0	0	0	0	0	0	0	0	0	15.3	0	0	0	0	0	0	0	0	0	0	0	0	0	0	0	0	0	0	0	0	0	0	0	0	0	0	0	0	0	0	0	0	0	0	
09/03/2022 12:13:41	0	0	6	15.03	15.03	1.3	2445	2465	4.152	4.1535	15.4	0	False	4.176667	4.198333	4.23	4.2	2.8574	0	4.186	4.197	94	-0.046	4.152	0	0	0	0	0	0	0	0	0	0	0	0	0	0	0	15.4	0	0	0	0	0	0	0	0	0	0	0	0	0	0	0	0	0	0	0	0	0	0	0	0	0	0	0	0	0	0	0	0	0	0	
09/03/2022 12:13:51	0	0	6	15.03	15.03	1.3	2445	2475	4.154	4.1548	15.4	0	False	4.193333	4.215	4.218333	4.2	2.8691	0	4.197	4.197	94.1	-0.034	4.154	0	0	0	0	0	0	0	0	0	0	0	0	0	0	0	15.4	0	0	0	0	0	0	0	0	0	0	0	0	0	0	0	0	0	0	0	0	0	0	0	0	0	0	0	0	0	0	0	0	0	0	
09/03/2022 12:14:01	0	0	6	15.03	15.03	1.3	2447	2485	4.155	4.156	15.7	0	False	4.206666	4.201667	4.176667	4.2	2.8808	0	4.197	4.197	94.4	-0.046	4.155	0	0	0	0	0	0	0	0	0	0	0	0	0	0	0	15.7	0	0	0	0	0	0	0	0	0	0	0	0	0	0	0	0	0	0	0	0	0	0	0	0	0	0	0	0	0	0	0	0	0	0	
09/03/2022 12:14:11	0	0	6	15.03	15.03	1.3	2447	2495	4.157	4.1573	15.6	0	False	4.2	4.19	4.19	4.2	2.8925	0	4.197	4.197	94.5	-0.046	4.157	0	0	0	0	0	0	0	0	0	0	0	0	0	0	0	15.6	0	0	0	0	0	0	0	0	0	0	0	0	0	0	0	0	0	0	0	0	0	0	0	0	0	0	0	0	0	0	0	0	0	0	
09/03/2022 12:14:22	0	0	6	15.03	15.03	1.3	2445	2505	4.158	4.1585	15.6	0	False	4.183333	4.173333	4.196667	4.2	2.9041	0	4.197	4.197	94.6	-0.046	4.158	0	0	0	0	0	0	0	0	0	0	0	0	0	0	0	15.6	0	0	0	0	0	0	0	0	0	0	0	0	0	0	0	0	0	0	0	0	0	0	0	0	0	0	0	0	0	0	0	0	0	0	
09/03/2022 12:14:32	0	0	6	15.03	15.03	1.3	2449	2515	4.159	4.1598	15.6	0	False	4.175	4.163333	4.26	4.2	2.9157	0	4.197	4.197	94.7	-0.034	4.159	0	0	0	0	0	0	0	0	0	0	0	0	0	0	0	15.6	0	0	0	0	0	0	0	0	0	0	0	0	0	0	0	0	0	0	0	0	0	0	0	0	0	0	0	0	0	0	0	0	0	0	
09/03/2022 12:14:42	0	0	6	15.03	15.03	1.3	2449	2525	4.16	4.161	15.5	0	False	4.175	4.218333	4.196667	4.2	2.9273	0	4.197	4.197	94.7	-0.034	4.16	0	0	0	0	0	0	0	0	0	0	0	0	0	0	0	15.5	0	0	0	0	0	0	0	0	0	0	0	0	0	0	0	0	0	0	0	0	0	0	0	0	0	0	0	0	0	0	0	0	0	0	
09/03/2022 12:14:52	0	0	6	15.03	15.03	1.3	2451	2535	4.162	4.1623	15.5	0	False	4.191667	4.213333	4.21	4.2	2.939	0	4.197	4.198	95	-0.034	4.162	0	0	0	0	0	0	0	0	0	0	0	0	0	0	0	15.5	0	0	0	0	0	0	0	0	0	0	0	0	0	0	0	0	0	0	0	0	0	0	0	0	0	0	0	0	0	0	0	0	0	0	
09/03/2022 12:15:02	0	0	6	15.03	15.03	1.3	2451	2545	4.163	4.1637	15.6	0	False	4.201667	4.195	4.155	4.2	2.9507	0	4.197	4.207	95.1	-0.034	4.163	0	0	0	0	0	0	0	0	0	0	0	0	0	0	0	15.6	0	0	0	0	0	0	0	0	0	0	0	0	0	0	0	0	0	0	0	0	0	0	0	0	0	0	0	0	0	0	0	0	0	0	
09/03/2022 12:15:12	0	0	6	15.03	15.03	1.3	2451	2555	4.164	4.1654	15.7	0	False	4.185	4.166667	4.155	4.2	2.9623	0	4.197	4.209	95.3	-0.034	4.164	0	0	0	0	0	0	0	0	0	0	0	0	0	0	0	15.7	0	0	0	0	0	0	0	0	0	0	0	0	0	0	0	0	0	0	0	0	0	0	0	0	0	0	0	0	0	0	0	0	0	0	
09/03/2022 12:15:22	0	0	6	15.03	15.03	1.3	2451	2565	4.167	4.1673	15.6	0	False	4.175	4.161667	4.133333	4.2	2.9739	0	4.209	4.209	95.5	-0.046	4.167	0	0	0	0	0	0	0	0	0	0	0	0	0	0	0	15.6	0	0	0	0	0	0	0	0	0	0	0	0	0	0	0	0	0	0	0	0	0	0	0	0	0	0	0	0	0	0	0	0	0	0	
09/03/2022 12:15:32	0	0	6	15.03	15.03	1.3	2451	2575	4.168	4.1685	15.7	0	False	4.18	4.228333	4.105	4.2	2.9856	0	4.209	4.209	95.5	-0.034	4.168	0	0	0	0	0	0	0	0	0	0	0	0	0	0	0	15.7	0	0	0	0	0	0	0	0	0	0	0	0	0	0	0	0	0	0	0	0	0	0	0	0	0	0	0	0	0	0	0	0	0	0	
09/03/2022 12:15:42	0	0	6	15.03	15.03	1.3	2455	2585	4.169	4.1698	15.7	0	False	4.196667	4.218333	4.23	4.2	2.9973	0	4.197	4.209	95.6	-0.046	4.169	0	0	0	0	0	0	0	0	0	0	0	0	0	0	0	15.7	0	0	0	0	0	0	0	0	0	0	0	0	0	0	0	0	0	0	0	0	0	0	0	0	0	0	0	0	0	0	0	0	0	0	
09/03/2022 12:15:52	0	0	6	15.03	15.03	1.3	2453	2595	4.17	4.1713	15.8	0	False	4.2	4.195	4.196667	4.2	3.009	0	4.209	4.209	95.8	-0.034	4.17	0	0	0	0	0	0	0	0	0	0	0	0	0	0	0	15.8	0	0	0	0	0	0	0	0	0	0	0	0	0	0	0	0	0	0	0	0	0	0	0	0	0	0	0	0	0	0	0	0	0	0	
09/03/2022 12:16:02	0	0	6	15.03	15.03	1.3	2455	2605	4.172	4.1732	15.6	0	False	4.186666	4.185	4.113333	4.2	3.0206	0	4.209	4.209	96	-0.034	4.172	0	0	0	0	0	0	0	0	0	0	0	0	0	0	0	15.6	0	0	0	0	0	0	0	0	0	0	0	0	0	0	0	0	0	0	0	0	0	0	0	0	0	0	0	0	0	0	0	0	0	0	
09/03/2022 12:16:12	0	0	6	15.03	15.03	1.3	2457	2615	4.174	4.1748	15.7	0	False	4.186666	4.201667	4.283333	4.2	3.0321	0	4.209	4.21	96.3	-0.034	4.174	0	0	0	0	0	0	0	0	0	0	0	0	0	0	0	15.7	0	0	0	0	0	0	0	0	0	0	0	0	0	0	0	0	0	0	0	0	0	0	0	0	0	0	0	0	0	0	0	0	0	0	
09/03/2022 12:16:22	0	0	6	15.03	15.03	1.3	2457	2625	4.175	4.1763	15.7	0	False	4.2	4.221667	4.196667	4.2	3.0439	0	4.209	4.22	96.3	-0.046	4.175	0	0	0	0	0	0	0	0	0	0	0	0	0	0	0	15.7	0	0	0	0	0	0	0	0	0	0	0	0	0	0	0	0	0	0	0	0	0	0	0	0	0	0	0	0	0	0	0	0	0	0	
09/03/2022 12:16:33	0	0	6	15.03	15.03	1.3	2457	2635	4.178	4.1785	15.7	0	False	4.201667	4.205	4.206666	4.2	3.0556	0	4.209	4.22	96.5	-0.034	4.178	0	0	0	0	0	0	0	0	0	0	0	0	0	0	0	15.7	0	0	0	0	0	0	0	0	0	0	0	0	0	0	0	0	0	0	0	0	0	0	0	0	0	0	0	0	0	0	0	0	0	0	
09/03/2022 12:16:43	0	0	6	15.03	15.03	1.3	2457	2645	4.179	4.1798	15.8	0	False	4.188334	4.185	4.196667	4.2	3.0672	0	4.209	4.22	96.7	-0.034	4.179	0	0	0	0	0	0	0	0	0	0	0	0	0	0	0	15.8	0	0	0	0	0	0	0	0	0	0	0	0	0	0	0	0	0	0	0	0	0	0	0	0	0	0	0	0	0	0	0	0	0	0	
09/03/2022 12:16:53	0	0	6	15.03	15.03	1.3	2461	2655	4.181	4.1823	15.8	0	False	4.188334	4.195	4.273334	4.2	3.0788	0	4.209	4.22	96.7	-0.046	4.181	0	0	0	0	0	0	0	0	0	0	0	0	0	0	0	15.8	0	0	0	0	0	0	0	0	0	0	0	0	0	0	0	0	0	0	0	0	0	0	0	0	0	0	0	0	0	0	0	0	0	0	
09/03/2022 12:17:03	0	0	6	15.03	15.03	1.3	2461	2665	4.183	4.184	15.7	0	False	4.201667	4.218333	4.206666	4.2	3.0905	0	4.22	4.221	97.1	-0.034	4.183	0	0	0	0	0	0	0	0	0	0	0	0	0	0	0	15.7	0	0	0	0	0	0	0	0	0	0	0	0	0	0	0	0	0	0	0	0	0	0	0	0	0	0	0	0	0	0	0	0	0	0	
09/03/2022 12:17:13	0	0	6	15.03	15.03	1.3	2463	2675	4.185	4.186	15.8	0	False	4.203333	4.2	4.15	4.2	3.1022	0	4.22	4.222	97.3	-0.034	4.185	0	0	0	0	0	0	0	0	0	0	0	0	0	0	0	15.8	0	0	0	0	0	0	0	0	0	0	0	0	0	0	0	0	0	0	0	0	0	0	0	0	0	0	0	0	0	0	0	0	0	0	
09/03/2022 12:17:23	0	0	6	15.03	15.03	1.3	2461	2685	4.187	4.1877	15.8	0	False	4.186666	4.16	4.155	4.2	3.1138	0	4.22	4.232	97.5	-0.034	4.187	0	0	0	0	0	0	0	0	0	0	0	0	0	0	0	15.8	0	0	0	0	0	0	0	0	0	0	0	0	0	0	0	0	0	0	0	0	0	0	0	0	0	0	0	0	0	0	0	0	0	0	
09/03/2022 12:17:33	0	0	6	15.03	15.03	1.3	2463	2695	4.189	4.1898	15.7	0	False	4.186666	4.208333	4.105	4.2	3.1254	0	4.232	4.232	97.6	-0.046	4.189	0	0	0	0	0	0	0	0	0	0	0	0	0	0	0	15.7	0	0	0	0	0	0	0	0	0	0	0	0	0	0	0	0	0	0	0	0	0	0	0	0	0	0	0	0	0	0	0	0	0	0	
09/03/2022 12:17:43	0	0	6	15.03	15.03	1.3	2465	2705	4.192	4.1923	15.7	0	False	4.203333	4.213333	4.23	4.2	3.1371	0	4.232	4.232	97.8	-0.046	4.192	0	0	0	0	0	0	0	0	0	0	0	0	0	0	0	15.7	0	0	0	0	0	0	0	0	0	0	0	0	0	0	0	0	0	0	0	0	0	0	0	0	0	0	0	0	0	0	0	0	0	0	
09/03/2022 12:17:53	0	0	6	15.05	15.03	1.3	2465	2715	4.194	4.1948	15.6	0	False	4.191667	4.181667	4.176667	4.2	3.1488	0	4.232	4.232	98.2	-0.046	4.194	0	0	0	0	0	0	0	0	0	0	0	0	0	0	0	15.6	0	0	0	0	0	0	0	0	0	0	0	0	0	0	0	0	0	0	0	0	0	0	0	0	0	0	0	0	0	0	0	0	0	0	
09/03/2022 12:18:03	0	0	6	15.03	15.03	1.3	2469	2725	4.197	4.1973	15.6	0	False	4.178333	4.176667	4.23	4.2	3.1604	0	4.232	4.243	98.4	-0.034	4.197	0	0	0	0	0	0	0	0	0	0	0	0	0	0	0	15.6	0	0	0	0	0	0	0	0	0	0	0	0	0	0	0	0	0	0	0	0	0	0	0	0	0	0	0	0	0	0	0	0	0	0	
09/03/2022 12:18:13	0	0	6	15.03	15.03	1.3	2471	2735	4.199	4.1999	15.6	0	False	4.195	4.201667	4.19	4.2	3.1721	0	4.243	4.243	98.7	-0.034	4.199	0	0	0	0	0	0	0	0	0	0	0	0	0	0	0	15.6	0	0	0	0	0	0	0	0	0	0	0	0	0	0	0	0	0	0	0	0	0	0	0	0	0	0	0	0	0	0	0	0	0	0	
09/03/2022 12:18:23	0	0	6	15.03	15.03	1.3	2473	2745	4.202	4.2026	15.5	0	False	4.188334	4.181667	4.25	4.2	3.1837	0	4.243	4.243	98.8	-0.046	4.202	0	0	0	0	0	0	0	0	0	0	0	0	0	0	0	15.5	0	0	0	0	0	0	0	0	0	0	0	0	0	0	0	0	0	0	0	0	0	0	0	0	0	0	0	0	0	0	0	0	0	0	
09/03/2022 12:18:33	0	0	6	15.03	15.03	1.3	2471	2755	4.204	4.2051	15.5	0	False	4.18	4.125	4.08	4.2	3.1953	0	4.243	4.243	99.3	-0.034	4.204	0	0	0	0	0	0	0	0	0	0	0	0	0	0	0	15.5	0	0	0	0	0	0	0	0	0	0	0	0	0	0	0	0	0	0	0	0	0	0	0	0	0	0	0	0	0	0	0	0	0	0	
09/03/2022 12:18:43	0	0	6	15.03	15.03	1.3	2471	2765	4.207	4.2073	15.5	0	False	4.145	4.078333	4.05	4.2	3.2067	0	4.243	4.244	99.5	-0.034	4.207	0	0	0	0	0	0	0	0	0	0	0	0	0	0	0	15.5	0	0	0	0	0	0	0	0	0	0	0	0	0	0	0	0	0	0	0	0	0	0	0	0	0	0	0	0	0	0	0	0	0	0	
09/03/2022 12:18:53	0	0	6	15.03	15.03	1.2	2461	2775	4.208	4.2087	15.6	0	True	4.08	3.843333	3.773333	4.2	3.2177	0	4.254	4.254	99.7	-0.034	4.208	0	0	0	0	0	0	0	0	0	0	0	0	0	0	0	15.6	0	0	0	0	0	0	0	0	0	0	0	0	0	0	0	0	0	0	0	0	0	0	0	0	0	0	0	0	0	0	0	0	0	0	
09/03/2022 12:19:03	0	0	6	15.03	15.03	1	2447	2785	4.208	4.2087	15.6	0	True	3.881667	3.5	3.333333	4.2	3.2277	0	4.254	4.254	99.8	-0.034	4.208	0	0	0	0	0	0	0	0	0	0	0	0	0	0	0	15.6	0	0	0	0	0	0	0	0	0	0	0	0	0	0	0	0	0	0	0	0	0	0	0	0	0	0	0	0	0	0	0	0	0	0	
09/03/2022 12:19:13	0	0	6	15.03	15.03	1	2445	2795	4.208	4.2085	15.6	0	True	3.633333	3.321667	3.313333	4.2	3.2369	0	4.243	4.254	99.8	-0.034	4.208	0	0	0	0	0	0	0	0	0	0	0	0	0	0	0	15.6	0	0	0	0	0	0	0	0	0	0	0	0	0	0	0	0	0	0	0	0	0	0	0	0	0	0	0	0	0	0	0	0	0	0	
09/03/2022 12:19:23	0	0	6	15.02	15.03	1	2439	2805	4.208	4.2085	15.6	0	True	3.411667	3.088333	3.113333	4.2	3.2456	0	4.243	4.254	100	-0.034	4.208	0	0	0	0	0	0	0	0	0	0	0	0	0	0	0	15.6	0	0	0	0	0	0	0	0	0	0	0	0	0	0	0	0	0	0	0	0	0	0	0	0	0	0	0	0	0	0	0	0	0	0	
09/03/2022 12:19:33	0	0	6	15.02	15.03	0.9	2431	2815	4.208	4.2085	15.6	0	True	3.241667	2.91	2.835	4.2	3.254	0	4.243	4.254	100	-0.034	4.208	0	0	0	0	0	0	0	0	0	0	0	0	0	0	0	15.6	0	0	0	0	0	0	0	0	0	0	0	0	0	0	0	0	0	0	0	0	0	0	0	0	0	0	0	0	0	0	0	0	0	0	
09/03/2022 12:19:44	0	0	6	15.02	15.03	0.9	2431	2825	4.208	4.2085	15.6	0	True	3.061667	2.846667	2.868333	4.2	3.2618	0	4.243	4.253	100	-0.034	4.208	0	0	0	0	0	0	0	0	0	0	0	0	0	0	0	15.6	0	0	0	0	0	0	0	0	0	0	0	0	0	0	0	0	0	0	0	0	0	0	0	0	0	0	0	0	0	0	0	0	0	0	
09/03/2022 12:19:54	0	0	6	15.02	15.03	0.9	2425	2835	4.208	4.2085	15.6	0	True	2.925	2.718333	2.735	4.2	3.2695	0	4.243	4.254	100	-0.034	4.208	0	0	0	0	0	0	0	0	0	0	0	0	0	0	0	15.6	0	0	0	0	0	0	0	0	0	0	0	0	0	0	0	0	0	0	0	0	0	0	0	0	0	0	0	0	0	0	0	0	0	0	
09/03/2022 12:20:04	0	0	6	15.02	15.03	0.8	2419	2845	4.208	4.2085	15.6	0	True	2.741667	2.475	2.455	4.2	3.2765	0	4.243	4.254	100	-0.034	4.208	0	0	0	0	0	0	0	0	0	0	0	0	0	0	0	15.6	0	0	0	0	0	0	0	0	0	0	0	0	0	0	0	0	0	0	0	0	0	0	0	0	0	0	0	0	0	0	0	0	0	0	
09/03/2022 12:20:14	0	0	6	15.02	15.03	0.7	2415	2855	4.208	4.2085	15.6	0	True	2.608333	2.375	2.36	4.2	3.2833	0	4.243	4.254	100	-0.034	4.208	0	0	0	0	0	0	0	0	0	0	0	0	0	0	0	15.6	0	0	0	0	0	0	0	0	0	0	0	0	0	0	0	0	0	0	0	0	0	0	0	0	0	0	0	0	0	0	0	0	0	0	
09/03/2022 12:20:24	0	0	6	15.02	15.03	0.7	2407	2865	4.208	4.2085	15.6	0	True	2.486667	2.231667	2.135	4.2	3.2897	0	4.243	4.254	100	-0.034	4.208	0	0	0	0	0	0	0	0	0	0	0	0	0	0	0	15.6	0	0	0	0	0	0	0	0	0	0	0	0	0	0	0	0	0	0	0	0	0	0	0	0	0	0	0	0	0	0	0	0	0	0	
09/03/2022 12:20:34	0	0	6	15.02	15.03	0.7	2407	2875	4.208	4.2085	15.6	0	True	2.335	2.143333	2.135	4.2	3.2957	0	4.243	4.254	100	-0.034	4.208	0	0	0	0	0	0	0	0	0	0	0	0	0	0	0	15.6	0	0	0	0	0	0	0	0	0	0	0	0	0	0	0	0	0	0	0	0	0	0	0	0	0	0	0	0	0	0	0	0	0	0	
09/03/2022 12:20:44	0	0	6	15.02	15.03	0.6	2403	2885	4.208	4.2087	15.6	0	True	2.248333	2.121667	2.041667	4.2	3.3016	0	4.243	4.254	100	-0.034	4.208	0	0	0	0	0	0	0	0	0	0	0	0	0	0	0	15.6	0	0	0	0	0	0	0	0	0	0	0	0	0	0	0	0	0	0	0	0	0	0	0	0	0	0	0	0	0	0	0	0	0	0	
09/03/2022 12:20:54	0	0	6	15.02	15.03	0.6	2399	2895	4.208	4.2085	15.6	0	True	2.143333	1.958333	1.973333	4.2	3.3072	0	4.243	4.254	100	-0.034	4.208	0	0	0	0	0	0	0	0	0	0	0	0	0	0	0	15.6	0	0	0	0	0	0	0	0	0	0	0	0	0	0	0	0	0	0	0	0	0	0	0	0	0	0	0	0	0	0	0	0	0	0	
09/03/2022 12:21:04	0	0	6	15.01	15.03	0.6	2393	2905	4.208	4.2085	15.6	0	True	2.043333	1.893333	1.893333	4.2	3.3125	0	4.243	4.254	100	-0.034	4.208	0	0	0	0	0	0	0	0	0	0	0	0	0	0	0	15.6	0	0	0	0	0	0	0	0	0	0	0	0	0	0	0	0	0	0	0	0	0	0	0	0	0	0	0	0	0	0	0	0	0	0	
09/03/2022 12:21:14	0	0	6	15.01	15.03	0.5	2385	2915	4.208	4.2087	15.6	0	True	1.96	1.795	1.745	4.2	3.3176	0	4.243	4.254	100	-0.034	4.208	0	0	0	0	0	0	0	0	0	0	0	0	0	0	0	15.6	0	0	0	0	0	0	0	0	0	0	0	0	0	0	0	0	0	0	0	0	0	0	0	0	0	0	0	0	0	0	0	0	0	0	
09/03/2022 12:21:24	0	0	6	15.01	15.03	0.5	2383	2925	4.208	4.2085	15.6	0	True	1.858333	1.695	1.7	4.2	3.3224	0	4.243	4.254	100	-0.034	4.208	0	0	0	0	0	0	0	0	0	0	0	0	0	0	0	15.6	0	0	0	0	0	0	0	0	0	0	0	0	0	0	0	0	0	0	0	0	0	0	0	0	0	0	0	0	0	0	0	0	0	0	
09/03/2022 12:21:34	0	0	6	15.01	15.03	0.5	2375	2935	4.208	4.2087	15.6	0	True	1.766667	1.58	1.568333	4.2	3.327	0	4.243	4.254	100	-0.034	4.208	0	0	0	0	0	0	0	0	0	0	0	0	0	0	0	15.6	0	0	0	0	0	0	0	0	0	0	0	0	0	0	0	0	0	0	0	0	0	0	0	0	0	0	0	0	0	0	0	0	0	0	
09/03/2022 12:21:44	0	0	6	15.01	15.03	0.5	2371	2945	4.208	4.2085	15.6	0	True	1.67	1.508333	1.518333	4.2	3.3313	0	4.243	4.254	100	-0.034	4.208	0	0	0	0	0	0	0	0	0	0	0	0	0	0	0	15.6	0	0	0	0	0	0	0	0	0	0	0	0	0	0	0	0	0	0	0	0	0	0	0	0	0	0	0	0	0	0	0	0	0	0	
09/03/2022 12:21:54	0	0	6	15.01	15.03	0.5	2371	2955	4.208	4.2085	15.6	0	True	1.596667	1.506667	1.501667	4.2	3.3355	0	4.254	4.254	100	-0.046	4.208	0	0	0	0	0	0	0	0	0	0	0	0	0	0	0	15.6	0	0	0	0	0	0	0	0	0	0	0	0	0	0	0	0	0	0	0	0	0	0	0	0	0	0	0	0	0	0	0	0	0	0	
09/03/2022 12:22:04	0	0	6	15.01	15.03	0.4	2363	2965	4.208	4.2085	15.6	0	True	1.533333	1.381667	1.381667	4.2	3.3395	0	4.243	4.254	100	-0.034	4.208	0	0	0	0	0	0	0	0	0	0	0	0	0	0	0	15.6	0	0	0	0	0	0	0	0	0	0	0	0	0	0	0	0	0	0	0	0	0	0	0	0	0	0	0	0	0	0	0	0	0	0	
09/03/2022 12:22:15	0	0	6	15.01	15.03	0.4	2359	2975	4.208	4.2085	15.6	0	True	1.458333	1.328333	1.331667	4.2	3.3432	0	4.243	4.254	100	-0.034	4.208	0	0	0	0	0	0	0	0	0	0	0	0	0	0	0	15.6	0	0	0	0	0	0	0	0	0	0	0	0	0	0	0	0	0	0	0	0	0	0	0	0	0	0	0	0	0	0	0	0	0	0	
09/03/2022 12:22:25	0	0	6	15.01	15.03	0.4	2355	2985	4.208	4.2085	15.6	0	True	1.385	1.235	1.226667	4.2	3.3468	0	4.243	4.254	100	-0.034	4.208	0	0	0	0	0	0	0	0	0	0	0	0	0	0	0	15.6	0	0	0	0	0	0	0	0	0	0	0	0	0	0	0	0	0	0	0	0	0	0	0	0	0	0	0	0	0	0	0	0	0	0	
09/03/2022 12:22:35	0	0	6	15.01	15.03	0.4	2353	2995	4.208	4.2085	15.6	0	True	1.318333	1.23	1.21	4.2	3.3503	0	4.243	4.254	100	-0.046	4.208	0	0	0	0	0	0	0	0	0	0	0	0	0	0	0	15.6	0	0	0	0	0	0	0	0	0	0	0	0	0	0	0	0	0	0	0	0	0	0	0	0	0	0	0	0	0	0	0	0	0	0	
09/03/2022 12:22:45	0	0	6	15.01	15.03	0.3	2347	3005	4.208	4.2085	15.6	0	True	1.265	1.093333	1.066667	4.2	3.3535	0	4.243	4.254	100	-0.034	4.208	0	0	0	0	0	0	0	0	0	0	0	0	0	0	0	15.6	0	0	0	0	0	0	0	0	0	0	0	0	0	0	0	0	0	0	0	0	0	0	0	0	0	0	0	0	0	0	0	0	0	0	
09/03/2022 12:22:55	0	0	6	15.01	15.03	0.3	2347	3015	4.208	4.2085	15.6	0	True	1.183333	1.08	1.1	4.2	3.3566	0	4.243	4.254	100	-0.034	4.208	0	0	0	0	0	0	0	0	0	0	0	0	0	0	0	15.6	0	0	0	0	0	0	0	0	0	0	0	0	0	0	0	0	0	0	0	0	0	0	0	0	0	0	0	0	0	0	0	0	0	0	
09/03/2022 12:23:05	0	0	6	15.01	15.03	0.3	2343	3025	4.208	4.2087	15.6	0	True	1.138333	1.031667	1.005	4.2	3.3595	0	4.243	4.254	100	-0.034	4.208	0	0	0	0	0	0	0	0	0	0	0	0	0	0	0	15.6	0	0	0	0	0	0	0	0	0	0	0	0	0	0	0	0	0	0	0	0	0	0	0	0	0	0	0	0	0	0	0	0	0	0	
09/03/2022 12:23:15	0	0	6	15.01	15.03	0.3	2343	3035	4.208	4.2085	15.6	0	True	1.08	1	1.011667	4.2	3.3623	0	4.243	4.254	100	-0.034	4.208	0	0	0	0	0	0	0	0	0	0	0	0	0	0	0	15.6	0	0	0	0	0	0	0	0	0	0	0	0	0	0	0	0	0	0	0	0	0	0	0	0	0	0	0	0	0	0	0	0	0	0	
09/03/2022 12:23:25	0	0	6	15.01	15.03	0.3	2341	3045	4.208	4.2085	15.6	0	True	1.045	0.9883333	0.985	4.2	3.3651	0	4.254	4.254	100	-0.034	4.208	0	0	0	0	0	0	0	0	0	0	0	0	0	0	0	15.6	0	0	0	0	0	0	0	0	0	0	0	0	0	0	0	0	0	0	0	0	0	0	0	0	0	0	0	0	0	0	0	0	0	0	
09/03/2022 12:23:35	0	0	6	15	15.03	0.3	2339	3055	4.208	4.2085	15.6	0	True	0.9916667	0.9083334	0.9133334	4.2	3.3676	0	4.243	4.254	100	-0.034	4.208	0	0	0	0	0	0	0	0	0	0	0	0	0	0	0	15.6	0	0	0	0	0	0	0	0	0	0	0	0	0	0	0	0	0	0	0	0	0	0	0	0	0	0	0	0	0	0	0	0	0	0	
09/03/2022 12:23:45	0	0	6	15	15.03	0.2	2335	3065	4.208	4.2085	15.6	0	True	0.9366667	0.8166667	0.8083333	4.2	3.37	0	4.243	4.254	100	-0.034	4.208	0	0	0	0	0	0	0	0	0	0	0	0	0	0	0	15.6	0	0	0	0	0	0	0	0	0	0	0	0	0	0	0	0	0	0	0	0	0	0	0	0	0	0	0	0	0	0	0	0	0	0	
09/03/2022 12:23:55	0	0	6	15	15.04	0.2	2335	3075	4.208	4.2085	15.6	0	True	0.8866667	0.8166667	0.835	4.2	3.3722	0	4.243	4.254	100	-0.034	4.208	0	0	0	0	0	0	0	0	0	0	0	0	0	0	0	15.6	0	0	0	0	0	0	0	0	0	0	0	0	0	0	0	0	0	0	0	0	0	0	0	0	0	0	0	0	0	0	0	0	0	0	
09/03/2022 12:24:05	0	0	6	15	15.03	0.3	2335	3085	4.208	4.2085	15.6	0	True	0.8616667	0.8166667	0.825	4.2	3.3745	0	4.243	4.254	100	-0.034	4.208	0	0	0	0	0	0	0	0	0	0	0	0	0	0	0	15.6	0	0	0	0	0	0	0	0	0	0	0	0	0	0	0	0	0	0	0	0	0	0	0	0	0	0	0	0	0	0	0	0	0	0	
09/03/2022 12:24:15	0	0	6	15	15.03	0.3	2333	3095	4.208	4.2085	15.6	0	True	0.845	0.8066667	0.8133333	4.2	3.3768	0	4.243	4.254	100	-0.034	4.208	0	0	0	0	0	0	0	0	0	0	0	0	0	0	0	15.6	0	0	0	0	0	0	0	0	0	0	0	0	0	0	0	0	0	0	0	0	0	0	0	0	0	0	0	0	0	0	0	0	0	0	
09/03/2022 12:24:25	0	0	6	15	15.03	0.2	2331	3105	4.208	4.2085	15.6	0	True	0.8033333	0.7233334	0.715	4.2	3.3788	0	4.243	4.254	100	-0.034	4.208	0	0	0	0	0	0	0	0	0	0	0	0	0	0	0	15.6	0	0	0	0	0	0	0	0	0	0	0	0	0	0	0	0	0	0	0	0	0	0	0	0	0	0	0	0	0	0	0	0	0	0	
09/03/2022 12:24:35	0	0	6	15	15.04	0.2	2329	3115	4.208	4.2085	15.6	0	True	0.77	0.7183333	0.7366667	4.2	3.3809	0	4.243	4.254	100	-0.034	4.208	0	0	0	0	0	0	0	0	0	0	0	0	0	0	0	15.6	0	0	0	0	0	0	0	0	0	0	0	0	0	0	0	0	0	0	0	0	0	0	0	0	0	0	0	0	0	0	0	0	0	0	
09/03/2022 12:24:45	0	0	6	15	15.03	0.2	2327	3124	4.208	4.2085	15.6	0	True	0.72	0.6216667	0.61	4.2	3.3826	0	4.243	4.254	100	-0.034	4.208	0	0	0	0	0	0	0	0	0	0	0	0	0	0	0	15.6	0	0	0	0	0	0	0	0	0	0	0	0	0	0	0	0	0	0	0	0	0	0	0	0	0	0	0	0	0	0	0	0	0	0	
09/03/2022 12:24:55	0	0	6	15	15.03	0.2	2325	3135	4.208	4.2085	15.6	0	True	0.6833333	0.6283333	0.6483333	4.2	3.3844	0	4.243	4.254	100	-0.034	4.208	0	0	0	0	0	0	0	0	0	0	0	0	0	0	0	15.6	0	0	0	0	0	0	0	0	0	0	0	0	0	0	0	0	0	0	0	0	0	0	0	0	0	0	0	0	0	0	0	0	0	0	
09/03/2022 12:25:05	0	0	6	15	15.03	0.2	2323	3144	4.208	4.2085	15.6	0	True	0.6283333	0.5533333	0.5383334	4.2	3.3858	0	4.243	4.254	100	-0.034	4.208	0	0	0	0	0	0	0	0	0	0	0	0	0	0	0	15.6	0	0	0	0	0	0	0	0	0	0	0	0	0	0	0	0	0	0	0	0	0	0	0	0	0	0	0	0	0	0	0	0	0	0	
09/03/2022 12:25:15	0	0	6	15	15.03	0.2	2323	3154	4.208	4.2085	15.6	0	True	0.5983334	0.5433334	0.5383334	4.2	3.3874	0	4.243	4.254	100	-0.034	4.208	0	0	0	0	0	0	0	0	0	0	0	0	0	0	0	15.6	0	0	0	0	0	0	0	0	0	0	0	0	0	0	0	0	0	0	0	0	0	0	0	0	0	0	0	0	0	0	0	0	0	0	
09/03/2022 12:25:25	0	0	6	15	15.03	0.2	2323	3164	4.208	4.2085	15.6	0	True	0.58	0.545	0.565	4.2	3.3889	0	4.243	4.254	100	-0.034	4.208	0	0	0	0	0	0	0	0	0	0	0	0	0	0	0	15.6	0	0	0	0	0	0	0	0	0	0	0	0	0	0	0	0	0	0	0	0	0	0	0	0	0	0	0	0	0	0	0	0	0	0	
09/03/2022 12:25:35	0	0	6	15	15.03	0.2	2323	3174	4.208	4.2085	15.6	0	True	0.5633333	0.5383334	0.555	4.2	3.3904	0	4.243	4.254	100	-0.034	4.208	0	0	0	0	0	0	0	0	0	0	0	0	0	0	0	15.6	0	0	0	0	0	0	0	0	0	0	0	0	0	0	0	0	0	0	0	0	0	0	0	0	0	0	0	0	0	0	0	0	0	0	
09/03/2022 12:25:45	0	0	6	15	15.03	0.2	2323	3184	4.208	4.2085	15.6	0	True	0.5466667	0.5366667	0.5216666	4.2	3.3919	0	4.243	4.254	100	-0.034	4.208	0	0	0	0	0	0	0	0	0	0	0	0	0	0	0	15.6	0	0	0	0	0	0	0	0	0	0	0	0	0	0	0	0	0	0	0	0	0	0	0	0	0	0	0	0	0	0	0	0	0	0	
09/03/2022 12:25:55	0	0	6	14.99	15.03	0.2	2323	3194	4.208	4.2085	15.6	0	True	0.535	0.54	0.5433334	4.2	3.3934	0	4.243	4.254	100	-0.034	4.208	0	0	0	0	0	0	0	0	0	0	0	0	0	0	0	15.6	0	0	0	0	0	0	0	0	0	0	0	0	0	0	0	0	0	0	0	0	0	0	0	0	0	0	0	0	0	0	0	0	0	0	
09/03/2022 12:26:05	0	0	6	14.99	15.03	0.1	2319	3204	4.208	4.2085	15.6	0	True	0.5266666	0.4533333	0.4333333	4.2	3.3948	0	4.243	4.254	100	-0.034	4.208	0	0	0	0	0	0	0	0	0	0	0	0	0	0	0	15.6	0	0	0	0	0	0	0	0	0	0	0	0	0	0	0	0	0	0	0	0	0	0	0	0	0	0	0	0	0	0	0	0	0	0	
09/03/2022 12:26:16	0	0	6	15	15.03	0.1	2319	3214	4.208	4.2085	15.6	0	True	0.4933333	0.4416667	0.4283333	4.2	3.396	0	4.243	4.254	100	-0.034	4.208	0	0	0	0	0	0	0	0	0	0	0	0	0	0	0	15.6	0	0	0	0	0	0	0	0	0	0	0	0	0	0	0	0	0	0	0	0	0	0	0	0	0	0	0	0	0	0	0	0	0	0	
09/03/2022 12:26:26	0	0	6	15	15.03	0.1	2319	3224	4.208	4.2085	15.6	0	True	0.4766667	0.4466667	0.4333333	4.2	3.3973	0	4.243	4.254	100	-0.034	4.208	0	0	0	0	0	0	0	0	0	0	0	0	0	0	0	15.6	0	0	0	0	0	0	0	0	0	0	0	0	0	0	0	0	0	0	0	0	0	0	0	0	0	0	0	0	0	0	0	0	0	0	
09/03/2022 12:26:36	0	0	6	15	15.03	0.1	2319	3234	4.208	4.2085	15.6	0	True	0.46	0.435	0.4233333	4.2	3.3985	0	4.243	4.254	100	-0.034	4.208	0	0	0	0	0	0	0	0	0	0	0	0	0	0	0	15.6	0	0	0	0	0	0	0	0	0	0	0	0	0	0	0	0	0	0	0	0	0	0	0	0	0	0	0	0	0	0	0	0	0	0	
09/03/2022 12:26:46	0	0	6	15	15.03	0.1	2317	3244	4.208	4.2087	15.6	0	True	0.4433333	0.43	0.45	4.2	3.3997	0	4.254	4.254	100	-0.034	4.208	0	0	0	0	0	0	0	0	0	0	0	0	0	0	0	15.6	0	0	0	0	0	0	0	0	0	0	0	0	0	0	0	0	0	0	0	0	0	0	0	0	0	0	0	0	0	0	0	0	0	0	
09/03/2022 12:26:56	0	0	6	15	15.03	0.1	2315	3252	4.208	4.2085	15.6	0	True	0.415	0.3466667	0.3566667	4.2	3.4005	0	4.243	4.254	100	-0.034	4.208	0	0	0	0	0	0	0	0	0	0	0	0	0	0	0	15.6	0	0	0	0	0	0	0	0	0	0	0	0	0	0	0	0	0	0	0	0	0	0	0	0	0	0	0	0	0	0	0	0	0	0	
09/03/2022 12:27:06	0	0	6	14.99	15.03	0.1	2315	3264	4.208	4.2085	15.6	0	True	0.385	0.3466667	0.345	4.2	3.4016	0	4.243	4.254	100	-0.034	4.208	0	0	0	0	0	0	0	0	0	0	0	0	0	0	0	15.6	0	0	0	0	0	0	0	0	0	0	0	0	0	0	0	0	0	0	0	0	0	0	0	0	0	0	0	0	0	0	0	0	0	0	
09/03/2022 12:27:16	0	0	6	15	15.03	0.1	2315	3274	4.208	4.2085	15.6	0	True	0.3683333	0.35	0.3616667	4.2	3.4026	0	4.243	4.254	100	-0.046	4.208	0	0	0	0	0	0	0	0	0	0	0	0	0	0	0	15.6	0	0	0	0	0	0	0	0	0	0	0	0	0	0	0	0	0	0	0	0	0	0	0	0	0	0	0	0	0	0	0	0	0	0	
09/03/2022 12:27:26	0	0	6	15	15.03	0.1	2315	3284	4.208	4.2085	15.6	0	True	0.3516667	0.3383333	0.3333333	4.2	3.4036	0	4.254	4.254	100	-0.034	4.208	0	0	0	0	0	0	0	0	0	0	0	0	0	0	0	15.6	0	0	0	0	0	0	0	0	0	0	0	0	0	0	0	0	0	0	0	0	0	0	0	0	0	0	0	0	0	0	0	0	0	0	
09/03/2022 12:27:36	0	0	6	15	15.03	0.1	2313	3294	4.208	4.2085	15.6	0	True	0.345	0.3433333	0.3333333	4.2	3.4045	0	4.254	4.254	100	-0.034	4.208	0	0	0	0	0	0	0	0	0	0	0	0	0	0	0	15.6	0	0	0	0	0	0	0	0	0	0	0	0	0	0	0	0	0	0	0	0	0	0	0	0	0	0	0	0	0	0	0	0	0	0	
09/03/2022 12:27:46	0	0	6	15	15.03	0.1	2313	3304	4.208	4.2085	15.6	0	True	0.34	0.3416667	0.34	4.2	3.4055	0	4.254	4.254	100	-0.034	4.208	0	0	0	0	0	0	0	0	0	0	0	0	0	0	0	15.6	0	0	0	0	0	0	0	0	0	0	0	0	0	0	0	0	0	0	0	0	0	0	0	0	0	0	0	0	0	0	0	0	0	0	
09/03/2022 12:27:56	0	0	6	14.99	15.03	0.1	2311	3314	4.208	4.2085	15.6	0	True	0.315	0.2566667	0.2683333	4.2	3.4062	0	4.243	4.254	100	-0.034	4.208	0	0	0	0	0	0	0	0	0	0	0	0	0	0	0	15.6	0	0	0	0	0	0	0	0	0	0	0	0	0	0	0	0	0	0	0	0	0	0	0	0	0	0	0	0	0	0	0	0	0	0	
09/03/2022 12:28:06	0	0	6	15	15.03	0.1	2311	3324	4.208	4.2085	15.6	0	True	0.295	0.2566667	0.2566667	4.2	3.4069	0	4.243	4.254	100	-0.034	4.208	0	0	0	0	0	0	0	0	0	0	0	0	0	0	0	15.6	0	0	0	0	0	0	0	0	0	0	0	0	0	0	0	0	0	0	0	0	0	0	0	0	0	0	0	0	0	0	0	0	0	0	
09/03/2022 12:28:16	0	0	6	14.99	15.03	0.1	2311	3334	4.208	4.2085	15.6	0	True	0.2783333	0.2583333	0.2783333	4.2	3.4076	0	4.243	4.254	100	-0.034	4.208	0	0	0	0	0	0	0	0	0	0	0	0	0	0	0	15.6	0	0	0	0	0	0	0	0	0	0	0	0	0	0	0	0	0	0	0	0	0	0	0	0	0	0	0	0	0	0	0	0	0	0	
09/03/2022 12:28:26	0	0	6	14.99	15.03	0.1	2311	3344	4.208	4.2085	15.6	0	True	0.2616667	0.2516667	0.2566667	4.2	3.4083	0	4.243	4.254	100	-0.046	4.208	0	0	0	0	0	0	0	0	0	0	0	0	0	0	0	15.6	0	0	0	0	0	0	0	0	0	0	0	0	0	0	0	0	0	0	0	0	0	0	0	0	0	0	0	0	0	0	0	0	0	0	
09/03/2022 12:28:36	0	0	6	14.99	15.03	0.1	2311	3354	4.208	4.2085	15.6	0	True	0.2533333	0.2566667	0.2783333	4.2	3.4091	0	4.243	4.254	100	-0.034	4.208	0	0	0	0	0	0	0	0	0	0	0	0	0	0	0	15.6	0	0	0	0	0	0	0	0	0	0	0	0	0	0	0	0	0	0	0	0	0	0	0	0	0	0	0	0	0	0	0	0	0	0	
09/03/2022 12:28:46	0	0	6	14.99	15.03	0.1	2311	3364	4.208	4.2085	15.6	0	True	0.25	0.2516667	0.2566667	4.2	3.4098	0	4.243	4.254	100	-0.034	4.208	0	0	0	0	0	0	0	0	0	0	0	0	0	0	0	15.6	0	0	0	0	0	0	0	0	0	0	0	0	0	0	0	0	0	0	0	0	0	0	0	0	0	0	0	0	0	0	0	0	0	0	
09/03/2022 12:28:56	0	0	6	15	15.03	0.1	2311	3374	4.208	4.2085	15.6	0	True	0.2516667	0.2483333	0.245	4.2	3.4105	0	4.243	4.254	100	-0.034	4.208	0	0	0	0	0	0	0	0	0	0	0	0	0	0	0	15.6	0	0	0	0	0	0	0	0	0	0	0	0	0	0	0	0	0	0	0	0	0	0	0	0	0	0	0	0	0	0	0	0	0	0	
09/03/2022 12:29:06	0	0	6	14.99	15.03	0.1	2311	3384	4.208	4.2085	15.6	0	True	0.255	0.2516667	0.245	4.2	3.4112	0	4.254	4.254	100	-0.034	4.208	0	0	0	0	0	0	0	0	0	0	0	0	0	0	0	15.6	0	0	0	0	0	0	0	0	0	0	0	0	0	0	0	0	0	0	0	0	0	0	0	0	0	0	0	0	0	0	0	0	0	0	
09/03/2022 12:29:16	0	0	6	14.99	15.03	0.1	2311	3394	4.208	4.2085	15.6	0	True	0.2516667	0.2483333	0.245	4.2	3.4119	0	4.243	4.254	100	-0.034	4.208	0	0	0	0	0	0	0	0	0	0	0	0	0	0	0	15.6	0	0	0	0	0	0	0	0	0	0	0	0	0	0	0	0	0	0	0	0	0	0	0	0	0	0	0	0	0	0	0	0	0	0	
09/03/2022 12:29:26	0	0	6	15	15.03	0.1	2311	3404	4.208	4.2085	15.6	0	True	0.25	0.2466667	0.245	4.2	3.4126	0	4.243	4.254	100	-0.034	4.208	0	0	0	0	0	0	0	0	0	0	0	0	0	0	0	15.6	0	0	0	0	0	0	0	0	0	0	0	0	0	0	0	0	0	0	0	0	0	0	0	0	0	0	0	0	0	0	0	0	0	0	
09/03/2022 12:29:36	0	0	6	14.99	15.03	0.1	2309	3414	4.208	4.2085	15.6	0	True	0.2483333	0.2383333	0.2516667	4.2	3.4133	0	4.243	4.254	100	-0.034	4.208	0	0	0	0	0	0	0	0	0	0	0	0	0	0	0	15.6	0	0	0	0	0	0	0	0	0	0	0	0	0	0	0	0	0	0	0	0	0	0	0	0	0	0	0	0	0	0	0	0	0	0	
09/03/2022 12:29:46	0	0	6	14.99	15.03	0	2307	3424	4.208	4.2085	15.6	0	True	0.245	0.1966667	0.1466667	4.2	3.4139	0	4.243	4.254	100	-0.034	4.208	0	0	0	0	0	0	0	0	0	0	0	0	0	0	0	15.6	0	0	0	0	0	0	0	0	0	0	0	0	0	0	0	0	0	0	0	0	0	0	0	0	0	0	0	0	0	0	0	0	0	0	
09/03/2022 12:29:56	0	0	6	15	15.03	0	2307	3434	4.208	4.2085	15.6	0	True	0.21	0.16	0.1683333	4.2	3.4144	0	4.243	4.254	100	-0.034	4.208	0	0	0	0	0	0	0	0	0	0	0	0	0	0	0	15.6	0	0	0	0	0	0	0	0	0	0	0	0	0	0	0	0	0	0	0	0	0	0	0	0	0	0	0	0	0	0	0	0	0	0	
09/03/2022 12:30:06	0	0	11	14.99	15.05	0	0	9	4.205	4.2085	15.6	0	True	0.1233333	0	0.003333333	4.2	3.4144	0	4.243	4.254	100	-0.034	4.205	0	0	0	0	0	0	0	0	0	0	0	0	0	0	0	15.6	0	0	0	0	0	0	0	0	0	0	0	0	0	0	0	0	0	0	0	0	0	0	0	0	0	0	0	0	0	0	0	0	0	0	
09/03/2022 12:30:16	0	0	11	14.99	15.05	0	0	19	4.205	4.2085	15.6	0	True	0.07166667	0	0	4.2	3.4144	0	4.243	4.254	100	-0.034	4.205	0	0	0	0	0	0	0	0	0	0	0	0	0	0	0	15.6	0	0	0	0	0	0	0	0	0	0	0	0	0	0	0	0	0	0	0	0	0	0	0	0	0	0	0	0	0	0	0	0	0	0	
09/03/2022 12:30:26	0	0	11	14.99	15.05	0	0	29	4.204	4.2085	15.6	0	True	0.045	0	0	4.2	3.4144	0	4.243	4.254	100	-0.034	4.204	0	0	0	0	0	0	0	0	0	0	0	0	0	0	0	15.6	0	0	0	0	0	0	0	0	0	0	0	0	0	0	0	0	0	0	0	0	0	0	0	0	0	0	0	0	0	0	0	0	0	0	
09/03/2022 12:30:37	0	0	11	14.99	15.05	0	0	38	4.204	4.2085	15.6	0	True	0.02833333	0	0.003333333	4.2	3.4144	0	4.243	4.253	100	-0.034	4.204	0	0	0	0	0	0	0	0	0	0	0	0	0	0	0	15.6	0	0	0	0	0	0	0	0	0	0	0	0	0	0	0	0	0	0	0	0	0	0	0	0	0	0	0	0	0	0	0	0	0	0	
09/03/2022 12:30:47	0	0	11	14.99	15.05	0	0	48	4.203	4.2085	15.6	0	True	0.01166667	0	0	4.2	3.4144	0	4.243	4.251	100	-0.034	4.203	0	0	0	0	0	0	0	0	0	0	0	0	0	0	0	15.6	0	0	0	0	0	0	0	0	0	0	0	0	0	0	0	0	0	0	0	0	0	0	0	0	0	0	0	0	0	0	0	0	0	0	
09/03/2022 12:30:57	0	0	11	14.99	15.05	0	0	55	4.203	4.2085	15.6	0	True	0.001666667	0	0.003333333	4.2	3.4144	0	4.243	4.249	100	-0.034	4.203	0	0	0	0	0	0	0	0	0	0	0	0	0	0	0	15.6	0	0	0	0	0	0	0	0	0	0	0	0	0	0	0	0	0	0	0	0	0	0	0	0	0	0	0	0	0	0	0	0	0	0	
09/03/2022 12:31:07	0	0	8	14.99	15	0	3406	8	4.162	4.1623	15.6	0	False	-4.04	-4.153333	-4.246666	4.25	3.4144	0.0075	4.209	4.197	-1	-0.034	4.162	0	0	0	0	0	0	0	0	0	0	0	0	0	0	0	15.6	0	0	0	0	0	0	0	0	0	0	0	0	0	0	0	0	0	0	0	0	0	0	0	0	0	0	0	0	0	0	0	0	0	0	
09/03/2022 12:31:17	0	0	8	14.98	15	0	3404	18	4.143	4.1435	15.6	0	False	-4.126667	-4.246666	-4.223333	4.25	3.4144	0.0193	4.186	4.186	-1	-0.046	4.143	0	0	0	0	0	0	0	0	0	0	0	0	0	0	0	15.6	0	0	0	0	0	0	0	0	0	0	0	0	0	0	0	0	0	0	0	0	0	0	0	0	0	0	0	0	0	0	0	0	0	0	
09/03/2022 12:31:27	0	0	8	14.98	15	0	3388	28	4.13	4.1298	15.6	0	False	-4.178333	-4.25	-4.246666	4.25	3.4144	0.0311	4.174	4.186	-1	-0.057	4.13	0	0	0	0	0	0	0	0	0	0	0	0	0	0	0	15.6	0	0	0	0	0	0	0	0	0	0	0	0	0	0	0	0	0	0	0	0	0	0	0	0	0	0	0	0	0	0	0	0	0	0	
09/03/2022 12:31:37	0	0	8	14.99	15	0	3400	38	4.12	4.1198	15.6	0	False	-4.205	-4.24	-4.24	4.25	3.4144	0.0429	4.151	4.163	-1	-0.046	4.12	0	0	0	0	0	0	0	0	0	0	0	0	0	0	0	15.6	0	0	0	0	0	0	0	0	0	0	0	0	0	0	0	0	0	0	0	0	0	0	0	0	0	0	0	0	0	0	0	0	0	0	
09/03/2022 12:31:47	0	0	8	14.99	15	0	3408	48	4.112	4.1123	15.6	0	False	-4.221667	-4.24	-4.24	4.25	3.4144	0.0547	4.151	4.151	-1	-0.046	4.112	0	0	0	0	0	0	0	0	0	0	0	0	0	0	0	15.6	0	0	0	0	0	0	0	0	0	0	0	0	0	0	0	0	0	0	0	0	0	0	0	0	0	0	0	0	0	0	0	0	0	0	
09/03/2022 12:31:57	0	0	8	14.99	15	0	3400	58	4.104	4.1048	15.6	0	False	-4.238333	-4.248333	-4.24	4.25	3.4144	0.0665	4.14	4.14	-1	-0.034	4.104	0	0	0	0	0	0	0	0	0	0	0	0	0	0	0	15.6	0	0	0	0	0	0	0	0	0	0	0	0	0	0	0	0	0	0	0	0	0	0	0	0	0	0	0	0	0	0	0	0	0	0	
09/03/2022 12:32:07	0	0	8	14.99	15	0	3406	68	4.099	4.0996	15.6	0	False	-4.246666	-4.24	-4.231667	4.25	3.4144	0.0783	4.128	4.14	-1	-0.046	4.099	0	0	0	0	0	0	0	0	0	0	0	0	0	0	0	15.6	0	0	0	0	0	0	0	0	0	0	0	0	0	0	0	0	0	0	0	0	0	0	0	0	0	0	0	0	0	0	0	0	0	0	
09/03/2022 12:32:17	0	0	8	14.99	15	0	3396	78	4.093	4.0935	15.6	0	False	-4.25	-4.246666	-4.236667	4.25	3.4144	0.0901	4.128	4.14	-1	-0.034	4.093	0	0	0	0	0	0	0	0	0	0	0	0	0	0	0	15.6	0	0	0	0	0	0	0	0	0	0	0	0	0	0	0	0	0	0	0	0	0	0	0	0	0	0	0	0	0	0	0	0	0	0	
09/03/2022 12:32:27	0	0	8	14.99	15	0	3408	88	4.088	4.0885	15.6	0	False	-4.248333	-4.241667	-4.236667	4.25	3.4144	0.1019	4.128	4.128	-1	-0.046	4.088	0	0	0	0	0	0	0	0	0	0	0	0	0	0	0	15.6	0	0	0	0	0	0	0	0	0	0	0	0	0	0	0	0	0	0	0	0	0	0	0	0	0	0	0	0	0	0	0	0	0	0	
09/03/2022 12:32:37	0	0	8	14.98	15	0	3404	98	4.083	4.0834	15.6	0	False	-4.246666	-4.245	-4.236667	4.25	3.4144	0.1137	4.117	4.128	-1	-0.034	4.083	0	0	0	0	0	0	0	0	0	0	0	0	0	0	0	15.6	0	0	0	0	0	0	0	0	0	0	0	0	0	0	0	0	0	0	0	0	0	0	0	0	0	0	0	0	0	0	0	0	0	0	
09/03/2022 12:32:47	0	0	8	14.99	15	0	3400	108	4.077	4.0781	15.6	0	False	-4.248333	-4.253334	-4.231667	4.25	3.4144	0.1255	4.117	4.117	-1	-0.046	4.077	0	0	0	0	0	0	0	0	0	0	0	0	0	0	0	15.6	0	0	0	0	0	0	0	0	0	0	0	0	0	0	0	0	0	0	0	0	0	0	0	0	0	0	0	0	0	0	0	0	0	0	
09/03/2022 12:32:57	0	0	8	14.99	15	0	3406	118	4.073	4.0735	15.6	0	False	-4.246666	-4.245	-4.236667	4.25	3.4144	0.1373	4.105	4.117	-1	-0.034	4.073	0	0	0	0	0	0	0	0	0	0	0	0	0	0	0	15.6	0	0	0	0	0	0	0	0	0	0	0	0	0	0	0	0	0	0	0	0	0	0	0	0	0	0	0	0	0	0	0	0	0	0	
09/03/2022 12:33:07	0	0	8	14.98	15	0	3400	128	4.069	4.0697	15.6	0	False	-4.248333	-4.253334	-4.28	4.25	3.4144	0.1492	4.105	4.117	-1	-0.034	4.069	0	0	0	0	0	0	0	0	0	0	0	0	0	0	0	15.6	0	0	0	0	0	0	0	0	0	0	0	0	0	0	0	0	0	0	0	0	0	0	0	0	0	0	0	0	0	0	0	0	0	0	
09/03/2022 12:33:17	0	0	8	14.98	15	0	3402	138	4.066	4.0669	15.6	0	False	-4.248333	-4.246666	-4.231667	4.25	3.4144	0.161	4.105	4.105	-1	-0.046	4.066	0	0	0	0	0	0	0	0	0	0	0	0	0	0	0	15.6	0	0	0	0	0	0	0	0	0	0	0	0	0	0	0	0	0	0	0	0	0	0	0	0	0	0	0	0	0	0	0	0	0	0	
09/03/2022 12:33:27	0	0	8	14.99	15	0	3402	148	4.063	4.0635	15.6	0	False	-4.248333	-4.248333	-4.258333	4.25	3.4144	0.1728	4.105	4.105	-1	-0.046	4.063	0	0	0	0	0	0	0	0	0	0	0	0	0	0	0	15.6	0	0	0	0	0	0	0	0	0	0	0	0	0	0	0	0	0	0	0	0	0	0	0	0	0	0	0	0	0	0	0	0	0	0	
09/03/2022 12:33:37	0	0	8	14.99	15	0	3406	158	4.06	4.0609	15.6	0	False	-4.25	-4.251667	-4.241667	4.25	3.4144	0.1846	4.094	4.105	-1	-0.034	4.06	0	0	0	0	0	0	0	0	0	0	0	0	0	0	0	15.6	0	0	0	0	0	0	0	0	0	0	0	0	0	0	0	0	0	0	0	0	0	0	0	0	0	0	0	0	0	0	0	0	0	0	
09/03/2022 12:33:47	0	0	8	14.99	15	0	3404	168	4.057	4.0581	15.6	0	False	-4.25	-4.246666	-4.22	4.25	3.4144	0.1964	4.094	4.105	-1	-0.034	4.057	0	0	0	0	0	0	0	0	0	0	0	0	0	0	0	15.6	0	0	0	0	0	0	0	0	0	0	0	0	0	0	0	0	0	0	0	0	0	0	0	0	0	0	0	0	0	0	0	0	0	0	
09/03/2022 12:33:57	0	0	8	14.99	15	0	3402	178	4.055	4.0558	15.6	0	False	-4.246666	-4.25	-4.231667	4.25	3.4144	0.2082	4.094	4.094	-1	-0.046	4.055	0	0	0	0	0	0	0	0	0	0	0	0	0	0	0	15.6	0	0	0	0	0	0	0	0	0	0	0	0	0	0	0	0	0	0	0	0	0	0	0	0	0	0	0	0	0	0	0	0	0	0	
09/03/2022 12:34:07	0	0	8	14.99	15	0	3400	188	4.053	4.0535	15.6	0	False	-4.248333	-4.248333	-4.236667	4.25	3.4144	0.22	4.082	4.094	-1	-0.034	4.053	0	0	0	0	0	0	0	0	0	0	0	0	0	0	0	15.6	0	0	0	0	0	0	0	0	0	0	0	0	0	0	0	0	0	0	0	0	0	0	0	0	0	0	0	0	0	0	0	0	0	0	
09/03/2022 12:34:18	0	0	8	14.99	15	0	3406	198	4.05	4.051	15.6	0	False	-4.248333	-4.245	-4.236667	4.25	3.4144	0.2318	4.082	4.094	-1	-0.034	4.05	0	0	0	0	0	0	0	0	0	0	0	0	0	0	0	15.6	0	0	0	0	0	0	0	0	0	0	0	0	0	0	0	0	0	0	0	0	0	0	0	0	0	0	0	0	0	0	0	0	0	0	
09/03/2022 12:34:28	0	0	8	14.98	15	0	3402	208	4.048	4.049	15.6	0	False	-4.248333	-4.25	-4.241667	4.25	3.4144	0.2436	4.082	4.094	-1	-0.034	4.048	0	0	0	0	0	0	0	0	0	0	0	0	0	0	0	15.6	0	0	0	0	0	0	0	0	0	0	0	0	0	0	0	0	0	0	0	0	0	0	0	0	0	0	0	0	0	0	0	0	0	0	
09/03/2022 12:34:38	0	0	8	14.98	15	0	3414	218	4.046	4.0472	15.6	0	False	-4.248333	-4.241667	-4.241667	4.25	3.4144	0.2554	4.082	4.092	-1	-0.023	4.046	0	0	0	0	0	0	0	0	0	0	0	0	0	0	0	15.6	0	0	0	0	0	0	0	0	0	0	0	0	0	0	0	0	0	0	0	0	0	0	0	0	0	0	0	0	0	0	0	0	0	0	
09/03/2022 12:34:48	0	0	8	14.99	15	0	3398	228	4.045	4.0456	15.6	0	False	-4.246666	-4.25	-4.241667	4.25	3.4144	0.2671	4.082	4.082	-1	-0.046	4.045	0	0	0	0	0	0	0	0	0	0	0	0	0	0	0	15.6	0	0	0	0	0	0	0	0	0	0	0	0	0	0	0	0	0	0	0	0	0	0	0	0	0	0	0	0	0	0	0	0	0	0	
09/03/2022 12:34:58	0	0	8	14.99	15	0	3400	238	4.043	4.0435	15.6	0	False	-4.25	-4.25	-4.235	4.25	3.4144	0.2789	4.082	4.082	-1	-0.046	4.043	0	0	0	0	0	0	0	0	0	0	0	0	0	0	0	15.6	0	0	0	0	0	0	0	0	0	0	0	0	0	0	0	0	0	0	0	0	0	0	0	0	0	0	0	0	0	0	0	0	0	0	
09/03/2022 12:35:08	0	0	8	14.99	15	0	3402	248	4.041	4.0422	15.6	0	False	-4.245	-4.248333	-4.258333	4.25	3.4144	0.2907	4.082	4.082	-1	-0.034	4.041	0	0	0	0	0	0	0	0	0	0	0	0	0	0	0	15.6	0	0	0	0	0	0	0	0	0	0	0	0	0	0	0	0	0	0	0	0	0	0	0	0	0	0	0	0	0	0	0	0	0	0	
09/03/2022 12:35:18	0	0	8	14.98	15	0	3398	258	4.04	4.0404	15.6	0	False	-4.248333	-4.25	-4.241667	4.25	3.4144	0.3025	4.082	4.082	-1	-0.034	4.04	0	0	0	0	0	0	0	0	0	0	0	0	0	0	0	15.6	0	0	0	0	0	0	0	0	0	0	0	0	0	0	0	0	0	0	0	0	0	0	0	0	0	0	0	0	0	0	0	0	0	0	
09/03/2022 12:35:28	0	0	8	14.98	15	0	3402	268	4.038	4.0386	15.6	0	False	-4.246666	-4.25	-4.253334	4.25	3.4144	0.3143	4.071	4.082	-1	-0.034	4.038	0	0	0	0	0	0	0	0	0	0	0	0	0	0	0	15.6	0	0	0	0	0	0	0	0	0	0	0	0	0	0	0	0	0	0	0	0	0	0	0	0	0	0	0	0	0	0	0	0	0	0	
09/03/2022 12:35:38	0	0	8	14.98	15	0	3402	278	4.037	4.0372	15.6	0	False	-4.246666	-4.246666	-4.236667	4.25	3.4144	0.3262	4.071	4.082	-1	-0.034	4.037	0	0	0	0	0	0	0	0	0	0	0	0	0	0	0	15.6	0	0	0	0	0	0	0	0	0	0	0	0	0	0	0	0	0	0	0	0	0	0	0	0	0	0	0	0	0	0	0	0	0	0	
09/03/2022 12:35:48	0	0	8	14.99	15	0	3406	288	4.035	4.036	15.6	0	False	-4.25	-4.248333	-4.263333	4.25	3.4144	0.338	4.071	4.078	-1	-0.023	4.035	0	0	0	0	0	0	0	0	0	0	0	0	0	0	0	15.6	0	0	0	0	0	0	0	0	0	0	0	0	0	0	0	0	0	0	0	0	0	0	0	0	0	0	0	0	0	0	0	0	0	0	
09/03/2022 12:35:58	0	0	8	14.98	15	0	3398	298	4.034	4.0347	15.6	0	False	-4.245	-4.253334	-4.253334	4.25	3.4144	0.3498	4.071	4.075	-1	-0.034	4.034	0	0	0	0	0	0	0	0	0	0	0	0	0	0	0	15.6	0	0	0	0	0	0	0	0	0	0	0	0	0	0	0	0	0	0	0	0	0	0	0	0	0	0	0	0	0	0	0	0	0	0	
09/03/2022 12:36:08	0	0	8	14.98	15	0	3408	308	4.033	4.0335	15.6	0	False	-4.25	-4.243333	-4.253334	4.25	3.4144	0.3616	4.071	4.071	-1	-0.034	4.033	0	0	0	0	0	0	0	0	0	0	0	0	0	0	0	15.6	0	0	0	0	0	0	0	0	0	0	0	0	0	0	0	0	0	0	0	0	0	0	0	0	0	0	0	0	0	0	0	0	0	0	
09/03/2022 12:36:18	0	0	8	14.99	15	0	3404	318	4.032	4.0322	15.6	0	False	-4.245	-4.248333	-4.276667	4.25	3.4144	0.3734	4.071	4.071	-1	-0.046	4.032	0	0	0	0	0	0	0	0	0	0	0	0	0	0	0	15.6	0	0	0	0	0	0	0	0	0	0	0	0	0	0	0	0	0	0	0	0	0	0	0	0	0	0	0	0	0	0	0	0	0	0	
09/03/2022 12:36:28	0	0	8	14.98	15	0	3404	328	4.03	4.031	15.6	0	False	-4.248333	-4.25	-4.241667	4.25	3.4144	0.3852	4.071	4.071	-1	-0.034	4.03	0	0	0	0	0	0	0	0	0	0	0	0	0	0	0	15.6	0	0	0	0	0	0	0	0	0	0	0	0	0	0	0	0	0	0	0	0	0	0	0	0	0	0	0	0	0	0	0	0	0	0	
09/03/2022 12:36:38	0	0	8	14.99	15	0	3404	338	4.029	4.0297	15.6	0	False	-4.251667	-4.248333	-4.231667	4.25	3.4144	0.397	4.071	4.071	-1	-0.046	4.029	0	0	0	0	0	0	0	0	0	0	0	0	0	0	0	15.6	0	0	0	0	0	0	0	0	0	0	0	0	0	0	0	0	0	0	0	0	0	0	0	0	0	0	0	0	0	0	0	0	0	0	
09/03/2022 12:36:48	0	0	8	14.98	15	0	3412	348	4.028	4.0285	15.6	0	False	-4.246666	-4.243333	-4.236667	4.25	3.4144	0.4088	4.06	4.071	-1	-0.034	4.028	0	0	0	0	0	0	0	0	0	0	0	0	0	0	0	15.6	0	0	0	0	0	0	0	0	0	0	0	0	0	0	0	0	0	0	0	0	0	0	0	0	0	0	0	0	0	0	0	0	0	0	
09/03/2022 12:36:58	0	0	8	14.98	15	0	3404	358	4.027	4.0272	15.6	0	False	-4.246666	-4.25	-4.22	4.25	3.4144	0.4206	4.06	4.071	-1	-0.034	4.027	0	0	0	0	0	0	0	0	0	0	0	0	0	0	0	15.6	0	0	0	0	0	0	0	0	0	0	0	0	0	0	0	0	0	0	0	0	0	0	0	0	0	0	0	0	0	0	0	0	0	0	
09/03/2022 12:37:08	0	0	8	14.99	15	0	3402	368	4.025	4.026	15.6	0	False	-4.245	-4.25	-4.236667	4.25	3.4144	0.4324	4.06	4.071	-1	-0.046	4.025	0	0	0	0	0	0	0	0	0	0	0	0	0	0	0	15.6	0	0	0	0	0	0	0	0	0	0	0	0	0	0	0	0	0	0	0	0	0	0	0	0	0	0	0	0	0	0	0	0	0	0	
09/03/2022 12:37:18	0	0	8	14.99	15	0	3398	378	4.024	4.0247	15.6	0	False	-4.243333	-4.258333	-4.258333	4.25	3.4144	0.4442	4.06	4.069	-1	-0.034	4.024	0	0	0	0	0	0	0	0	0	0	0	0	0	0	0	15.6	0	0	0	0	0	0	0	0	0	0	0	0	0	0	0	0	0	0	0	0	0	0	0	0	0	0	0	0	0	0	0	0	0	0	
09/03/2022 12:37:29	0	0	8	14.99	15	0	3404	388	4.023	4.0235	15.6	0	False	-4.243333	-4.253334	-4.22	4.25	3.4144	0.456	4.06	4.061	-1	-0.034	4.023	0	0	0	0	0	0	0	0	0	0	0	0	0	0	0	15.6	0	0	0	0	0	0	0	0	0	0	0	0	0	0	0	0	0	0	0	0	0	0	0	0	0	0	0	0	0	0	0	0	0	0	
09/03/2022 12:37:39	0	0	8	14.98	15	0	3414	398	4.022	4.0222	15.6	0	False	-4.245	-4.243333	-4.276667	4.25	3.4144	0.4678	4.048	4.06	-1	-0.046	4.022	0	0	0	0	0	0	0	0	0	0	0	0	0	0	0	15.6	0	0	0	0	0	0	0	0	0	0	0	0	0	0	0	0	0	0	0	0	0	0	0	0	0	0	0	0	0	0	0	0	0	0	
09/03/2022 12:37:49	0	0	8	14.99	15	0	3398	407	4.02	4.021	15.6	0	False	-4.246666	-4.253334	-4.265	4.25	3.4144	0.4784	4.06	4.06	-1	-0.046	4.02	0	0	0	0	0	0	0	0	0	0	0	0	0	0	0	15.6	0	0	0	0	0	0	0	0	0	0	0	0	0	0	0	0	0	0	0	0	0	0	0	0	0	0	0	0	0	0	0	0	0	0	
09/03/2022 12:37:59	0	0	8	14.98	15	0	3406	418	4.019	4.0197	15.6	0	False	-4.246666	-4.246666	-4.236667	4.25	3.4144	0.4914	4.06	4.06	-1	-0.046	4.019	0	0	0	0	0	0	0	0	0	0	0	0	0	0	0	15.6	0	0	0	0	0	0	0	0	0	0	0	0	0	0	0	0	0	0	0	0	0	0	0	0	0	0	0	0	0	0	0	0	0	0	
09/03/2022 12:38:09	0	0	8	14.98	15	0	3406	428	4.018	4.0184	15.6	0	False	-4.246666	-4.248333	-4.246666	4.25	3.4144	0.5032	4.06	4.06	-1	-0.046	4.018	0	0	0	0	0	0	0	0	0	0	0	0	0	0	0	15.6	0	0	0	0	0	0	0	0	0	0	0	0	0	0	0	0	0	0	0	0	0	0	0	0	0	0	0	0	0	0	0	0	0	0	
09/03/2022 12:38:19	0	0	8	14.98	15	0	3402	438	4.016	4.0172	15.6	0	False	-4.245	-4.253334	-4.253334	4.25	3.4144	0.515	4.048	4.06	-1	-0.034	4.016	0	0	0	0	0	0	0	0	0	0	0	0	0	0	0	15.6	0	0	0	0	0	0	0	0	0	0	0	0	0	0	0	0	0	0	0	0	0	0	0	0	0	0	0	0	0	0	0	0	0	0	
09/03/2022 12:38:29	0	0	8	14.98	15	0	3412	448	4.015	4.016	15.6	0	False	-4.246666	-4.245	-4.253334	4.25	3.4144	0.5268	4.06	4.06	-1	-0.034	4.015	0	0	0	0	0	0	0	0	0	0	0	0	0	0	0	15.6	0	0	0	0	0	0	0	0	0	0	0	0	0	0	0	0	0	0	0	0	0	0	0	0	0	0	0	0	0	0	0	0	0	0	
09/03/2022 12:38:39	0	0	8	14.99	15	0	3408	458	4.014	4.0147	15.6	0	False	-4.243333	-4.243333	-4.258333	4.25	3.4144	0.5386	4.048	4.06	-1	-0.034	4.014	0	0	0	0	0	0	0	0	0	0	0	0	0	0	0	15.6	0	0	0	0	0	0	0	0	0	0	0	0	0	0	0	0	0	0	0	0	0	0	0	0	0	0	0	0	0	0	0	0	0	0	
09/03/2022 12:38:49	0	0	8	14.98	15	0	3408	468	4.013	4.0135	15.6	0	False	-4.246666	-4.248333	-4.258333	4.25	3.4144	0.5504	4.048	4.059	-1	-0.034	4.013	0	0	0	0	0	0	0	0	0	0	0	0	0	0	0	15.6	0	0	0	0	0	0	0	0	0	0	0	0	0	0	0	0	0	0	0	0	0	0	0	0	0	0	0	0	0	0	0	0	0	0	
09/03/2022 12:38:59	0	0	8	14.98	15	0	3404	478	4.012	4.0122	15.6	0	False	-4.248333	-4.245	-4.241667	4.25	3.4144	0.5622	4.048	4.056	-1	-0.034	4.012	0	0	0	0	0	0	0	0	0	0	0	0	0	0	0	15.6	0	0	0	0	0	0	0	0	0	0	0	0	0	0	0	0	0	0	0	0	0	0	0	0	0	0	0	0	0	0	0	0	0	0	
09/03/2022 12:39:09	0	0	8	14.99	15	0	3396	488	4.009	4.0101	15.6	0	False	-4.246666	-4.253334	-4.253334	4.25	3.4144	0.574	4.048	4.048	-1	-0.046	4.009	0	0	0	0	0	0	0	0	0	0	0	0	0	0	0	15.6	0	0	0	0	0	0	0	0	0	0	0	0	0	0	0	0	0	0	0	0	0	0	0	0	0	0	0	0	0	0	0	0	0	0	
09/03/2022 12:39:19	0	0	8	14.98	15	0	3404	498	4.008	4.0085	15.6	0	False	-4.25	-4.253334	-4.241667	4.25	3.4144	0.5858	4.048	4.048	-1	-0.046	4.008	0	0	0	0	0	0	0	0	0	0	0	0	0	0	0	15.6	0	0	0	0	0	0	0	0	0	0	0	0	0	0	0	0	0	0	0	0	0	0	0	0	0	0	0	0	0	0	0	0	0	0	
09/03/2022 12:39:29	0	0	8	14.98	15	0	3406	508	4.007	4.0072	15.6	0	False	-4.25	-4.245	-4.241667	4.25	3.4144	0.5976	4.037	4.048	-1	-0.046	4.007	0	0	0	0	0	0	0	0	0	0	0	0	0	0	0	15.6	0	0	0	0	0	0	0	0	0	0	0	0	0	0	0	0	0	0	0	0	0	0	0	0	0	0	0	0	0	0	0	0	0	0	
09/03/2022 12:39:39	0	0	8	14.99	15	0	3406	518	4.005	4.0057	15.6	0	False	-4.246666	-4.248333	-4.258333	4.25	3.4144	0.6094	4.037	4.048	-1	-0.034	4.005	0	0	0	0	0	0	0	0	0	0	0	0	0	0	0	15.6	0	0	0	0	0	0	0	0	0	0	0	0	0	0	0	0	0	0	0	0	0	0	0	0	0	0	0	0	0	0	0	0	0	0	
