DateTime	SlaveNum	Cycle	Mode	SupplyVolts	LSupplyVolts	SupplyAmps	PWM	SecTimer	AvgCellVolts	MaxCellVolts	AvgIR	FallBackVolts	CVStarted	SlowAmps	AvgAmps	FastAmps	SetAmps	AhrIN	AhrOUT	PackVolts	AvgPackVolts	Fuel1	SumError	Cell1Volts	Cell2Volts	Cell3Volts	Cell4Volts	Cell5Volts	Cell6Volts	Cell7Volts	Cell8Volts	Cell9Volts	Cell10Volts	Cell11Volts	Cell12Volts	Cell13Volts	Cell14Volts	Cell15Volts	Cell16Volts	Cell1IR	Cell2IR	Cell3IR	Cell4IR	Cell5IR	Cell6IR	Cell7IR	Cell8IR	Cell9IR	Cell10IR	Cell11IR	Cell12IR	Cell13IR	Cell14IR	Cell15IR	Cell16IR	BP1PWM	BP2PWM	BP3PWM	BP4PWM	BP5PWM	BP6PWM	BP7PWM	BP8PWM	BP9PWM	BP10PWM	BP11PWM	BP12PWM	BP13PWM	BP14PWM	BP15PWM	BP16PWM	Debug1	Debug2	Debug3	
10/03/2022 14:27:43	0	0	8	14.99	15	0	4806	14	4.173	4.1735	0	0	False	-2.818333	-3.366667	-5.248333	10	0	0.0029	4.22	4.22	-1	-0.046	4.173	0	0	0	0	0	0	0	0	0	0	0	0	0	0	0	0	0	0	0	0	0	0	0	0	0	0	0	0	0	0	0	0	0	0	0	0	0	0	0	0	0	0	0	0	0	0	0	0	0	0	
10/03/2022 14:27:53	0	0	8	14.99	14.95	0	8167	24	4.1	4.101	0	0	False	-9.496667	-9.951667	-9.986667	10	0	0.0285	4.14	4.14	-1	-0.046	4.1	0	0	0	0	0	0	0	0	0	0	0	0	0	0	0	0	0	0	0	0	0	0	0	0	0	0	0	0	0	0	0	0	0	0	0	0	0	0	0	0	0	0	0	0	0	0	0	0	0	0	
10/03/2022 14:28:04	0	0	8	14.98	14.95	0	8175	34	4.07	4.0697	0	0	False	-9.73	-10	-10.00833	10	0	0.0563	4.105	4.105	-1	-0.034	4.07	0	0	0	0	0	0	0	0	0	0	0	0	0	0	0	0	0	0	0	0	0	0	0	0	0	0	0	0	0	0	0	0	0	0	0	0	0	0	0	0	0	0	0	0	0	0	0	0	0	0	
10/03/2022 14:28:14	0	0	8	14.99	14.95	0	8167	44	4.052	4.0535	0	0	False	-9.853333	-10.00833	-10.00833	10	0	0.0841	4.094	4.094	-1	-0.046	4.052	0	0	0	0	0	0	0	0	0	0	0	0	0	0	0	0	0	0	0	0	0	0	0	0	0	0	0	0	0	0	0	0	0	0	0	0	0	0	0	0	0	0	0	0	0	0	0	0	0	0	
10/03/2022 14:28:24	0	0	8	14.98	14.95	0	8191	54	4.039	4.0397	0	0	False	-9.916667	-9.996667	-9.996667	10	0	0.1119	4.071	4.071	-1	-0.046	4.039	0	0	0	0	0	0	0	0	0	0	0	0	0	0	0	0	0	0	0	0	0	0	0	0	0	0	0	0	0	0	0	0	0	0	0	0	0	0	0	0	0	0	0	0	0	0	0	0	0	0	
10/03/2022 14:28:34	0	0	8	14.98	14.95	0	8187	64	4.031	4.0318	0	0	False	-9.946667	-9.971666	-9.966666	10	0	0.1396	4.071	4.071	-1	-0.046	4.031	0	0	0	0	0	0	0	0	0	0	0	0	0	0	0	0	0	0	0	0	0	0	0	0	0	0	0	0	0	0	0	0	0	0	0	0	0	0	0	0	0	0	0	0	0	0	0	0	0	0	
10/03/2022 14:28:44	0	0	8	14.99	14.95	0	8191	74	4.024	4.0246	0	0	False	-9.963333	-9.971666	-9.965	10	0	0.1673	4.06	4.071	-1	-0.034	4.024	0	0	0	0	0	0	0	0	0	0	0	0	0	0	0	0	0	0	0	0	0	0	0	0	0	0	0	0	0	0	0	0	0	0	0	0	0	0	0	0	0	0	0	0	0	0	0	0	0	0	
10/03/2022 14:28:54	0	0	8	14.98	14.95	0	8191	84	4.018	4.0185	0	0	False	-9.968333	-9.965	-9.966666	10	0	0.195	4.06	4.06	-1	-0.046	4.018	0	0	0	0	0	0	0	0	0	0	0	0	0	0	0	0	0	0	0	0	0	0	0	0	0	0	0	0	0	0	0	0	0	0	0	0	0	0	0	0	0	0	0	0	0	0	0	0	0	0	
10/03/2022 14:29:04	0	0	8	14.99	14.95	0	8191	94	4.013	4.0134	0	0	False	-9.966666	-9.97	-9.976666	10	0	0.2227	4.048	4.06	-1	-0.034	4.013	0	0	0	0	0	0	0	0	0	0	0	0	0	0	0	0	0	0	0	0	0	0	0	0	0	0	0	0	0	0	0	0	0	0	0	0	0	0	0	0	0	0	0	0	0	0	0	0	0	0	
10/03/2022 14:29:14	0	0	8	14.99	14.95	0	8191	104	4.009	4.0094	0	0	False	-9.97	-9.97	-9.978333	10	0	0.2504	4.037	4.054	-1	-0.046	4.009	0	0	0	0	0	0	0	0	0	0	0	0	0	0	0	0	0	0	0	0	0	0	0	0	0	0	0	0	0	0	0	0	0	0	0	0	0	0	0	0	0	0	0	0	0	0	0	0	0	0	
10/03/2022 14:29:24	0	0	8	14.99	14.95	0	8191	114	4.005	4.0052	0	0	False	-9.966666	-9.975	-9.976666	10	0	0.278	4.048	4.048	-1	-0.034	4.005	0	0	0	0	0	0	0	0	0	0	0	0	0	0	0	0	0	0	0	0	0	0	0	0	0	0	0	0	0	0	0	0	0	0	0	0	0	0	0	0	0	0	0	0	0	0	0	0	0	0	
10/03/2022 14:29:34	0	0	8	14.98	14.95	0	8191	124	4.001	4.0015	0	0	False	-9.968333	-9.976666	-9.976666	10	0	0.3057	4.037	4.047	-1	-0.034	4.001	0	0	0	0	0	0	0	0	0	0	0	0	0	0	0	0	0	0	0	0	0	0	0	0	0	0	0	0	0	0	0	0	0	0	0	0	0	0	0	0	0	0	0	0	0	0	0	0	0	0	
10/03/2022 14:29:44	0	0	8	14.99	14.95	0	8191	134	3.998	3.9982	0	0	False	-9.965	-9.968333	-9.976666	10	0	0.3334	4.025	4.037	-1	-0.046	3.998	0	0	0	0	0	0	0	0	0	0	0	0	0	0	0	0	0	0	0	0	0	0	0	0	0	0	0	0	0	0	0	0	0	0	0	0	0	0	0	0	0	0	0	0	0	0	0	0	0	0	
10/03/2022 14:29:54	0	0	8	14.99	14.95	0	8191	144	3.994	3.9946	0	0	False	-9.966666	-9.966666	-9.978333	10	0	0.3611	4.025	4.037	-1	-0.034	3.994	0	0	0	0	0	0	0	0	0	0	0	0	0	0	0	0	0	0	0	0	0	0	0	0	0	0	0	0	0	0	0	0	0	0	0	0	0	0	0	0	0	0	0	0	0	0	0	0	0	0	
10/03/2022 14:30:04	0	0	8	14.99	14.95	0	8191	154	3.99	3.991	0	0	False	-9.963333	-9.965	-9.955	10	0	0.3888	4.025	4.037	-1	-0.034	3.99	0	0	0	0	0	0	0	0	0	0	0	0	0	0	0	0	0	0	0	0	0	0	0	0	0	0	0	0	0	0	0	0	0	0	0	0	0	0	0	0	0	0	0	0	0	0	0	0	0	0	
10/03/2022 14:30:14	0	0	8	14.98	14.95	0	8191	164	3.987	3.9881	0	0	False	-9.961667	-9.963333	-9.978333	10	0	0.4164	4.025	4.025	-1	-0.023	3.987	0	0	0	0	0	0	0	0	0	0	0	0	0	0	0	0	0	0	0	0	0	0	0	0	0	0	0	0	0	0	0	0	0	0	0	0	0	0	0	0	0	0	0	0	0	0	0	0	0	0	
10/03/2022 14:30:24	0	0	8	14.98	14.95	0	8191	174	3.984	3.9846	0	0	False	-9.96	-9.963333	-9.966666	10	0	0.4441	4.014	4.025	-1	-0.034	3.984	0	0	0	0	0	0	0	0	0	0	0	0	0	0	0	0	0	0	0	0	0	0	0	0	0	0	0	0	0	0	0	0	0	0	0	0	0	0	0	0	0	0	0	0	0	0	0	0	0	0	
10/03/2022 14:30:34	0	0	8	14.99	14.95	0	8191	184	3.98	3.981	0	0	False	-9.96	-9.955	-9.955	10	0	0.4717	4.014	4.025	-1	-0.034	3.98	0	0	0	0	0	0	0	0	0	0	0	0	0	0	0	0	0	0	0	0	0	0	0	0	0	0	0	0	0	0	0	0	0	0	0	0	0	0	0	0	0	0	0	0	0	0	0	0	0	0	
10/03/2022 14:30:45	0	0	8	14.99	14.95	0	8191	194	3.977	3.9775	0	0	False	-9.963333	-9.966666	-9.966666	10	0	0.4994	4.014	4.019	-1	-0.034	3.977	0	0	0	0	0	0	0	0	0	0	0	0	0	0	0	0	0	0	0	0	0	0	0	0	0	0	0	0	0	0	0	0	0	0	0	0	0	0	0	0	0	0	0	0	0	0	0	0	0	0	
10/03/2022 14:30:55	0	0	8	14.99	14.95	0	8191	204	3.974	3.9745	0	0	False	-9.966666	-9.963333	-9.923333	10	0	0.527	4.002	4.014	-1	-0.034	3.974	0	0	0	0	0	0	0	0	0	0	0	0	0	0	0	0	0	0	0	0	0	0	0	0	0	0	0	0	0	0	0	0	0	0	0	0	0	0	0	0	0	0	0	0	0	0	0	0	0	0	
10/03/2022 14:31:05	0	0	8	14.99	14.95	0	8191	214	3.97	3.9707	0	0	False	-9.96	-9.958333	-9.966666	10	0	0.5547	4.002	4.014	-1	-0.034	3.97	0	0	0	0	0	0	0	0	0	0	0	0	0	0	0	0	0	0	0	0	0	0	0	0	0	0	0	0	0	0	0	0	0	0	0	0	0	0	0	0	0	0	0	0	0	0	0	0	0	0	
10/03/2022 14:31:15	0	0	8	14.99	14.95	0	8191	224	3.966	3.9666	0	0	False	-9.96	-9.958333	-9.88	10	0	0.5823	4.002	4.006	-1	-0.034	3.966	0	0	0	0	0	0	0	0	0	0	0	0	0	0	0	0	0	0	0	0	0	0	0	0	0	0	0	0	0	0	0	0	0	0	0	0	0	0	0	0	0	0	0	0	0	0	0	0	0	0	
10/03/2022 14:31:25	0	0	8	14.99	14.95	0	8191	234	3.962	3.9622	0	0	False	-9.96	-9.951667	-9.935	10	0	0.61	3.991	4.002	-1	-0.034	3.962	0	0	0	0	0	0	0	0	0	0	0	0	0	0	0	0	0	0	0	0	0	0	0	0	0	0	0	0	0	0	0	0	0	0	0	0	0	0	0	0	0	0	0	0	0	0	0	0	0	0	
10/03/2022 14:31:35	0	0	8	14.98	14.95	0	8191	244	3.957	3.9572	0	0	False	-9.956667	-9.963333	-9.945	10	0	0.6376	3.991	4.001	-1	-0.034	3.957	0	0	0	0	0	0	0	0	0	0	0	0	0	0	0	0	0	0	0	0	0	0	0	0	0	0	0	0	0	0	0	0	0	0	0	0	0	0	0	0	0	0	0	0	0	0	0	0	0	0	
10/03/2022 14:31:45	0	0	8	14.99	14.95	0	8191	254	3.951	3.9521	0	0	False	-9.965	-9.963333	-9.955	10	0	0.6653	3.979	3.991	-1	-0.034	3.951	0	0	0	0	0	0	0	0	0	0	0	0	0	0	0	0	0	0	0	0	0	0	0	0	0	0	0	0	0	0	0	0	0	0	0	0	0	0	0	0	0	0	0	0	0	0	0	0	0	0	
10/03/2022 14:31:55	0	0	8	14.99	14.95	0	8191	264	3.946	3.9465	0	0	False	-9.961667	-9.958333	-9.966666	10	0	0.693	3.979	3.989	-1	-0.034	3.946	0	0	0	0	0	0	0	0	0	0	0	0	0	0	0	0	0	0	0	0	0	0	0	0	0	0	0	0	0	0	0	0	0	0	0	0	0	0	0	0	0	0	0	0	0	0	0	0	0	0	
10/03/2022 14:32:05	0	0	8	14.98	14.95	0	8191	274	3.938	3.9391	0	0	False	-9.956667	-9.965	-9.965	10	0	0.7206	3.968	3.979	-1	-0.034	3.938	0	0	0	0	0	0	0	0	0	0	0	0	0	0	0	0	0	0	0	0	0	0	0	0	0	0	0	0	0	0	0	0	0	0	0	0	0	0	0	0	0	0	0	0	0	0	0	0	0	0	
10/03/2022 14:32:15	0	0	8	14.98	14.95	0	8191	284	3.932	3.9322	0	0	False	-9.963333	-9.955	-9.923333	10	0	0.7483	3.968	3.974	-1	-0.034	3.932	0	0	0	0	0	0	0	0	0	0	0	0	0	0	0	0	0	0	0	0	0	0	0	0	0	0	0	0	0	0	0	0	0	0	0	0	0	0	0	0	0	0	0	0	0	0	0	0	0	0	
10/03/2022 14:32:25	0	0	8	14.99	14.95	0	8191	294	3.924	3.9246	0	0	False	-9.961667	-9.958333	-9.966666	10	0	0.7759	3.956	3.968	-1	-0.034	3.924	0	0	0	0	0	0	0	0	0	0	0	0	0	0	0	0	0	0	0	0	0	0	0	0	0	0	0	0	0	0	0	0	0	0	0	0	0	0	0	0	0	0	0	0	0	0	0	0	0	0	
10/03/2022 14:32:27	0	0	8	14.98	14.95	0	8191	296	3.923	3.9233	0	0	False	-9.958333	-9.955	-9.955	10	0	0.7814	3.956	3.968	-1	-0.034	3.923	0	0	0	0	0	0	0	0	0	0	0	0	0	0	0	0	0	0	0	0	0	0	0	0	0	0	0	0	0	0	0	0	0	0	0	0	0	0	0	0	0	0	0	0	0	0	0	0	0	0	
10/03/2022 14:32:35	0	0	8	14.99	14.95	0	8191	304	3.917	3.9172	0	0	False	-9.956667	-9.956667	-9.966666	10	0	0.8036	3.945	3.956	-1	-0.034	3.917	0	0	0	0	0	0	0	0	0	0	0	0	0	0	0	0	0	0	0	0	0	0	0	0	0	0	0	0	0	0	0	0	0	0	0	0	0	0	0	0	0	0	0	0	0	0	0	0	0	0	
10/03/2022 14:32:45	0	0	8	14.99	14.95	0	8191	314	3.908	3.9089	0	0	False	-9.955	-9.955	-9.955	10	0	0.8312	3.933	3.946	-1	-0.034	3.908	0	0	0	0	0	0	0	0	0	0	0	0	0	0	0	0	0	0	0	0	0	0	0	0	0	0	0	0	0	0	0	0	0	0	0	0	0	0	0	0	0	0	0	0	0	0	0	0	0	0	
10/03/2022 14:32:55	0	0	8	14.99	14.95	0	8191	324	3.9	3.9008	0	0	False	-9.958333	-9.958333	-9.966666	10	0	0.8589	3.933	3.943	-1	-0.034	3.9	0	0	0	0	0	0	0	0	0	0	0	0	0	0	0	0	0	0	0	0	0	0	0	0	0	0	0	0	0	0	0	0	0	0	0	0	0	0	0	0	0	0	0	0	0	0	0	0	0	0	
10/03/2022 14:33:05	0	0	8	14.99	14.95	0	8191	334	3.892	3.8922	0	0	False	-9.961667	-9.96	-9.935	10	0	0.8865	3.922	3.933	-1	-0.034	3.892	0	0	0	0	0	0	0	0	0	0	0	0	0	0	0	0	0	0	0	0	0	0	0	0	0	0	0	0	0	0	0	0	0	0	0	0	0	0	0	0	0	0	0	0	0	0	0	0	0	0	
10/03/2022 14:33:15	0	0	8	14.99	14.95	0	8191	344	3.883	3.8841	0	0	False	-9.958333	-9.958333	-9.935	10	0	0.9142	3.91	3.922	-1	-0.034	3.883	0	0	0	0	0	0	0	0	0	0	0	0	0	0	0	0	0	0	0	0	0	0	0	0	0	0	0	0	0	0	0	0	0	0	0	0	0	0	0	0	0	0	0	0	0	0	0	0	0	0	
10/03/2022 14:33:26	0	0	8	14.99	14.95	0	8191	354	3.875	3.8758	0	0	False	-9.96	-9.958333	-9.966666	10	0	0.9418	3.91	3.916	-1	-0.034	3.875	0	0	0	0	0	0	0	0	0	0	0	0	0	0	0	0	0	0	0	0	0	0	0	0	0	0	0	0	0	0	0	0	0	0	0	0	0	0	0	0	0	0	0	0	0	0	0	0	0	0	
10/03/2022 14:33:36	0	0	8	14.99	14.95	0	8191	364	3.867	3.868	0	0	False	-9.958333	-9.963333	-9.945	10	0	0.9694	3.899	3.91	-1	-0.034	3.867	0	0	0	0	0	0	0	0	0	0	0	0	0	0	0	0	0	0	0	0	0	0	0	0	0	0	0	0	0	0	0	0	0	0	0	0	0	0	0	0	0	0	0	0	0	0	0	0	0	0	
10/03/2022 14:33:46	0	0	8	14.99	14.95	0	8191	374	3.859	3.8599	0	0	False	-9.956667	-9.955	-9.966666	10	0	0.9971	3.899	3.899	-1	-0.034	3.859	0	0	0	0	0	0	0	0	0	0	0	0	0	0	0	0	0	0	0	0	0	0	0	0	0	0	0	0	0	0	0	0	0	0	0	0	0	0	0	0	0	0	0	0	0	0	0	0	0	0	
10/03/2022 14:33:56	0	0	8	14.98	14.95	0	8191	384	3.852	3.853	0	0	False	-9.956667	-9.953333	-9.976666	10	0	1.0248	3.888	3.89	-1	-0.034	3.852	0	0	0	0	0	0	0	0	0	0	0	0	0	0	0	0	0	0	0	0	0	0	0	0	0	0	0	0	0	0	0	0	0	0	0	0	0	0	0	0	0	0	0	0	0	0	0	0	0	0	
10/03/2022 14:34:06	0	0	8	14.99	14.95	0	8191	394	3.845	3.8459	0	0	False	-9.965	-9.968333	-9.978333	10	0	1.0524	3.876	3.888	-1	-0.034	3.845	0	0	0	0	0	0	0	0	0	0	0	0	0	0	0	0	0	0	0	0	0	0	0	0	0	0	0	0	0	0	0	0	0	0	0	0	0	0	0	0	0	0	0	0	0	0	0	0	0	0	
10/03/2022 14:34:16	0	0	8	14.99	14.95	0	8191	404	3.839	3.8392	0	0	False	-9.961667	-9.955	-9.955	10	0	1.0801	3.876	3.876	-1	-0.034	3.839	0	0	0	0	0	0	0	0	0	0	0	0	0	0	0	0	0	0	0	0	0	0	0	0	0	0	0	0	0	0	0	0	0	0	0	0	0	0	0	0	0	0	0	0	0	0	0	0	0	0	
10/03/2022 14:34:26	0	0	8	14.99	14.95	0	8191	414	3.832	3.8325	0	0	False	-9.961667	-9.955	-9.955	10	0	1.1078	3.865	3.875	-1	-0.034	3.832	0	0	0	0	0	0	0	0	0	0	0	0	0	0	0	0	0	0	0	0	0	0	0	0	0	0	0	0	0	0	0	0	0	0	0	0	0	0	0	0	0	0	0	0	0	0	0	0	0	0	
10/03/2022 14:34:36	0	0	8	14.99	14.95	0	8191	424	3.826	3.8266	0	0	False	-9.956667	-9.955	-9.955	10	0	1.1355	3.853	3.865	-1	-0.034	3.826	0	0	0	0	0	0	0	0	0	0	0	0	0	0	0	0	0	0	0	0	0	0	0	0	0	0	0	0	0	0	0	0	0	0	0	0	0	0	0	0	0	0	0	0	0	0	0	0	0	0	
10/03/2022 14:34:46	0	0	8	14.99	14.95	0	8191	434	3.82	3.8207	0	0	False	-9.953333	-9.953333	-9.966666	10	0	1.1631	3.853	3.863	-1	-0.023	3.82	0	0	0	0	0	0	0	0	0	0	0	0	0	0	0	0	0	0	0	0	0	0	0	0	0	0	0	0	0	0	0	0	0	0	0	0	0	0	0	0	0	0	0	0	0	0	0	0	0	0	
10/03/2022 14:34:56	0	0	8	14.99	14.95	0	8191	444	3.814	3.8147	0	0	False	-9.955	-9.953333	-9.935	10	0	1.1908	3.842	3.853	-1	-0.034	3.814	0	0	0	0	0	0	0	0	0	0	0	0	0	0	0	0	0	0	0	0	0	0	0	0	0	0	0	0	0	0	0	0	0	0	0	0	0	0	0	0	0	0	0	0	0	0	0	0	0	0	
10/03/2022 14:35:06	0	0	8	14.99	14.95	0	8191	454	3.807	3.8076	0	0	False	-9.956667	-9.958333	-9.935	10	0	1.2185	3.83	3.846	-1	-0.023	3.807	0	0	0	0	0	0	0	0	0	0	0	0	0	0	0	0	0	0	0	0	0	0	0	0	0	0	0	0	0	0	0	0	0	0	0	0	0	0	0	0	0	0	0	0	0	0	0	0	0	0	
10/03/2022 14:35:16	0	0	8	14.98	14.95	0	8191	464	3.801	3.8022	0	0	False	-9.961667	-9.956667	-9.966666	10	0	1.2462	3.83	3.842	-1	-0.034	3.801	0	0	0	0	0	0	0	0	0	0	0	0	0	0	0	0	0	0	0	0	0	0	0	0	0	0	0	0	0	0	0	0	0	0	0	0	0	0	0	0	0	0	0	0	0	0	0	0	0	0	
10/03/2022 14:35:26	0	0	8	14.99	14.95	0	8191	474	3.796	3.7964	0	0	False	-9.958333	-9.958333	-9.966666	10	0	1.2738	3.83	3.832	-1	-0.023	3.796	0	0	0	0	0	0	0	0	0	0	0	0	0	0	0	0	0	0	0	0	0	0	0	0	0	0	0	0	0	0	0	0	0	0	0	0	0	0	0	0	0	0	0	0	0	0	0	0	0	0	
10/03/2022 14:35:36	0	0	8	14.99	14.95	0	8191	484	3.79	3.7909	0	0	False	-9.96	-9.965	-9.965	10	0	1.3015	3.819	3.83	-1	-0.034	3.79	0	0	0	0	0	0	0	0	0	0	0	0	0	0	0	0	0	0	0	0	0	0	0	0	0	0	0	0	0	0	0	0	0	0	0	0	0	0	0	0	0	0	0	0	0	0	0	0	0	0	
10/03/2022 14:35:46	0	0	8	14.99	14.95	0	8191	494	3.785	3.7854	0	0	False	-9.955	-9.953333	-9.923333	10	0	1.3291	3.807	3.825	-1	-0.034	3.785	0	0	0	0	0	0	0	0	0	0	0	0	0	0	0	0	0	0	0	0	0	0	0	0	0	0	0	0	0	0	0	0	0	0	0	0	0	0	0	0	0	0	0	0	0	0	0	0	0	0	
10/03/2022 14:35:56	0	0	8	14.99	14.95	0	8191	504	3.779	3.7795	0	0	False	-9.958333	-9.953333	-9.923333	10	0	1.3568	3.807	3.819	-1	-0.034	3.779	0	0	0	0	0	0	0	0	0	0	0	0	0	0	0	0	0	0	0	0	0	0	0	0	0	0	0	0	0	0	0	0	0	0	0	0	0	0	0	0	0	0	0	0	0	0	0	0	0	0	
10/03/2022 14:36:07	0	0	8	14.99	14.95	0	8191	514	3.773	3.7735	0	0	False	-9.96	-9.955	-9.935	10	0	1.3844	3.807	3.813	-1	-0.023	3.773	0	0	0	0	0	0	0	0	0	0	0	0	0	0	0	0	0	0	0	0	0	0	0	0	0	0	0	0	0	0	0	0	0	0	0	0	0	0	0	0	0	0	0	0	0	0	0	0	0	0	
10/03/2022 14:36:17	0	0	8	14.99	14.95	0	8191	524	3.767	3.768	0	0	False	-9.956667	-9.956667	-9.945	10	0	1.412	3.796	3.807	-1	-0.034	3.767	0	0	0	0	0	0	0	0	0	0	0	0	0	0	0	0	0	0	0	0	0	0	0	0	0	0	0	0	0	0	0	0	0	0	0	0	0	0	0	0	0	0	0	0	0	0	0	0	0	0	
10/03/2022 14:36:27	0	0	8	14.99	14.95	0	8191	534	3.761	3.7622	0	0	False	-9.956667	-9.96	-9.935	10	0	1.4397	3.796	3.796	-1	-0.034	3.761	0	0	0	0	0	0	0	0	0	0	0	0	0	0	0	0	0	0	0	0	0	0	0	0	0	0	0	0	0	0	0	0	0	0	0	0	0	0	0	0	0	0	0	0	0	0	0	0	0	0	
10/03/2022 14:36:37	0	0	8	14.99	14.95	0	8191	544	3.755	3.7559	0	0	False	-9.956667	-9.966666	-9.976666	10	0	1.4674	3.784	3.796	-1	-0.034	3.755	0	0	0	0	0	0	0	0	0	0	0	0	0	0	0	0	0	0	0	0	0	0	0	0	0	0	0	0	0	0	0	0	0	0	0	0	0	0	0	0	0	0	0	0	0	0	0	0	0	0	
10/03/2022 14:36:47	0	0	8	14.99	14.95	0	8187	554	3.749	3.7497	0	0	False	-9.963333	-9.965	-9.945	10	0	1.495	3.773	3.784	-1	-0.034	3.749	0	0	0	0	0	0	0	0	0	0	0	0	0	0	0	0	0	0	0	0	0	0	0	0	0	0	0	0	0	0	0	0	0	0	0	0	0	0	0	0	0	0	0	0	0	0	0	0	0	0	
10/03/2022 14:36:57	0	0	8	14.99	14.95	0	8191	564	3.742	3.7432	0	0	False	-9.961667	-9.955	-9.955	10	0	1.5227	3.773	3.784	-1	-0.034	3.742	0	0	0	0	0	0	0	0	0	0	0	0	0	0	0	0	0	0	0	0	0	0	0	0	0	0	0	0	0	0	0	0	0	0	0	0	0	0	0	0	0	0	0	0	0	0	0	0	0	0	
10/03/2022 14:37:07	0	0	8	14.99	14.95	0	8191	574	3.736	3.7365	0	0	False	-9.958333	-9.963333	-9.89	10	0	1.5503	3.761	3.773	-1	-0.034	3.736	0	0	0	0	0	0	0	0	0	0	0	0	0	0	0	0	0	0	0	0	0	0	0	0	0	0	0	0	0	0	0	0	0	0	0	0	0	0	0	0	0	0	0	0	0	0	0	0	0	0	
10/03/2022 14:37:17	0	0	8	14.99	14.95	0	8191	584	3.729	3.7297	0	0	False	-9.965	-9.961667	-9.966666	10	0	1.578	3.761	3.767	-1	-0.034	3.729	0	0	0	0	0	0	0	0	0	0	0	0	0	0	0	0	0	0	0	0	0	0	0	0	0	0	0	0	0	0	0	0	0	0	0	0	0	0	0	0	0	0	0	0	0	0	0	0	0	0	
10/03/2022 14:37:27	0	0	8	14.99	14.95	0	8191	594	3.723	3.7233	0	0	False	-9.958333	-9.955	-9.955	10	0	1.6057	3.738	3.761	-1	-0.034	3.723	0	0	0	0	0	0	0	0	0	0	0	0	0	0	0	0	0	0	0	0	0	0	0	0	0	0	0	0	0	0	0	0	0	0	0	0	0	0	0	0	0	0	0	0	0	0	0	0	0	0	
10/03/2022 14:37:37	0	0	8	14.99	14.95	0	8191	604	3.715	3.7158	0	0	False	-9.958333	-9.956667	-9.955	10	0	1.6333	3.75	3.75	-1	-0.023	3.715	0	0	0	0	0	0	0	0	0	0	0	0	0	0	0	0	0	0	0	0	0	0	0	0	0	0	0	0	0	0	0	0	0	0	0	0	0	0	0	0	0	0	0	0	0	0	0	0	0	0	
10/03/2022 14:37:47	0	0	8	14.99	14.95	0	8191	614	3.709	3.7091	0	0	False	-9.956667	-9.965	-9.933333	10	0	1.661	3.738	3.75	-1	-0.034	3.709	0	0	0	0	0	0	0	0	0	0	0	0	0	0	0	0	0	0	0	0	0	0	0	0	0	0	0	0	0	0	0	0	0	0	0	0	0	0	0	0	0	0	0	0	0	0	0	0	0	0	
10/03/2022 14:37:57	0	0	8	14.98	14.95	0	8161	624	3.701	3.7021	0	0	False	-9.955	-9.951667	-9.945	10	0	1.6886	3.738	3.738	-1	-0.034	3.701	0	0	0	0	0	0	0	0	0	0	0	0	0	0	0	0	0	0	0	0	0	0	0	0	0	0	0	0	0	0	0	0	0	0	0	0	0	0	0	0	0	0	0	0	0	0	0	0	0	0	
10/03/2022 14:38:07	0	0	8	14.99	14.97	0	6815	634	3.7	3.7009	0	0	False	-8.808333	-8.376667	-8.258333	10	0	1.7133	3.738	3.738	-1	-0.023	3.7	0	0	0	0	0	0	0	0	0	0	0	0	0	0	0	0	0	0	0	0	0	0	0	0	0	0	0	0	0	0	0	0	0	0	0	0	0	0	0	0	0	0	0	0	0	0	0	0	0	0	
10/03/2022 14:38:17	0	0	8	14.99	14.98	0	6281	644	3.7	3.7009	0	0	False	-8.061666	-7.65	-7.631667	10	0	1.7352	3.738	3.738	-1	-0.046	3.7	0	0	0	0	0	0	0	0	0	0	0	0	0	0	0	0	0	0	0	0	0	0	0	0	0	0	0	0	0	0	0	0	0	0	0	0	0	0	0	0	0	0	0	0	0	0	0	0	0	0	
10/03/2022 14:38:28	0	0	8	14.99	14.98	0	5747	654	3.7	3.7009	0	0	False	-7.395	-7.001667	-6.908333	10	0	1.7552	3.727	3.738	-1	-0.023	3.7	0	0	0	0	0	0	0	0	0	0	0	0	0	0	0	0	0	0	0	0	0	0	0	0	0	0	0	0	0	0	0	0	0	0	0	0	0	0	0	0	0	0	0	0	0	0	0	0	0	0	
10/03/2022 14:38:38	0	0	8	14.99	14.99	0	5271	664	3.7	3.7011	0	0	False	-6.72	-6.365	-6.335	10	0	1.7735	3.738	3.738	-1	-0.034	3.7	0	0	0	0	0	0	0	0	0	0	0	0	0	0	0	0	0	0	0	0	0	0	0	0	0	0	0	0	0	0	0	0	0	0	0	0	0	0	0	0	0	0	0	0	0	0	0	0	0	0	
10/03/2022 14:38:48	0	0	8	14.99	14.99	0	4853	674	3.7	3.7009	0	0	False	-5.996666	-5.873333	-5.85	10	0	1.7904	3.738	3.738	-1	-0.034	3.7	0	0	0	0	0	0	0	0	0	0	0	0	0	0	0	0	0	0	0	0	0	0	0	0	0	0	0	0	0	0	0	0	0	0	0	0	0	0	0	0	0	0	0	0	0	0	0	0	0	0	
10/03/2022 14:38:58	0	0	8	14.99	14.99	0	4435	684	3.7	3.7011	0	0	False	-5.813334	-5.521667	-5.481667	10	0	1.8058	3.738	3.738	-1	-0.046	3.7	0	0	0	0	0	0	0	0	0	0	0	0	0	0	0	0	0	0	0	0	0	0	0	0	0	0	0	0	0	0	0	0	0	0	0	0	0	0	0	0	0	0	0	0	0	0	0	0	0	0	
10/03/2022 14:39:08	0	0	8	14.99	14.99	0	4129	694	3.7	3.7009	0	0	False	-5.14	-5.045	-4.896667	10	0	1.8201	3.738	3.738	-1	-0.046	3.7	0	0	0	0	0	0	0	0	0	0	0	0	0	0	0	0	0	0	0	0	0	0	0	0	0	0	0	0	0	0	0	0	0	0	0	0	0	0	0	0	0	0	0	0	0	0	0	0	0	0	
10/03/2022 14:39:18	0	0	8	14.98	15	0	3711	704	3.7	3.701	0	0	False	-4.973333	-4.61	-4.455	10	0	1.8332	3.727	3.738	-1	-0.023	3.7	0	0	0	0	0	0	0	0	0	0	0	0	0	0	0	0	0	0	0	0	0	0	0	0	0	0	0	0	0	0	0	0	0	0	0	0	0	0	0	0	0	0	0	0	0	0	0	0	0	0	
10/03/2022 14:39:28	0	0	8	14.98	15	0	3619	713	3.7	3.7011	0	0	False	-4.27	-4.241667	-4.3	10	0	1.8441	3.727	3.738	-1	-0.034	3.7	0	0	0	0	0	0	0	0	0	0	0	0	0	0	0	0	0	0	0	0	0	0	0	0	0	0	0	0	0	0	0	0	0	0	0	0	0	0	0	0	0	0	0	0	0	0	0	0	0	0	
10/03/2022 14:39:38	0	0	8	14.99	15	0	3223	724	3.701	3.7015	0	0	False	-4.185	-3.831667	-3.816667	10	0	1.8565	3.738	3.738	-1	-0.034	3.701	0	0	0	0	0	0	0	0	0	0	0	0	0	0	0	0	0	0	0	0	0	0	0	0	0	0	0	0	0	0	0	0	0	0	0	0	0	0	0	0	0	0	0	0	0	0	0	0	0	0	
10/03/2022 14:39:48	0	0	8	14.99	15	0	2975	734	3.7	3.7009	0	0	False	-4.02	-3.708333	-3.555	10	0	1.8671	3.727	3.738	-1	-0.034	3.7	0	0	0	0	0	0	0	0	0	0	0	0	0	0	0	0	0	0	0	0	0	0	0	0	0	0	0	0	0	0	0	0	0	0	0	0	0	0	0	0	0	0	0	0	0	0	0	0	0	0	
10/03/2022 14:39:58	0	0	8	14.99	15.01	0	2735	744	3.7	3.7011	0	0	False	-3.808333	-3.361667	-3.2	10	0	1.8768	3.727	3.738	-1	-0.023	3.7	0	0	0	0	0	0	0	0	0	0	0	0	0	0	0	0	0	0	0	0	0	0	0	0	0	0	0	0	0	0	0	0	0	0	0	0	0	0	0	0	0	0	0	0	0	0	0	0	0	0	
10/03/2022 14:40:08	0	0	8	14.99	15.01	0	2661	754	3.7	3.7009	0	0	False	-3.571667	-3.206667	-3.091667	10	0	1.8859	3.738	3.738	-1	-0.034	3.7	0	0	0	0	0	0	0	0	0	0	0	0	0	0	0	0	0	0	0	0	0	0	0	0	0	0	0	0	0	0	0	0	0	0	0	0	0	0	0	0	0	0	0	0	0	0	0	0	0	0	
10/03/2022 14:40:18	0	0	8	14.99	15.01	0	2355	764	3.7	3.7009	0	0	False	-3.375	-3.013333	-2.838333	10	0	1.8946	3.727	3.738	-1	-0.034	3.7	0	0	0	0	0	0	0	0	0	0	0	0	0	0	0	0	0	0	0	0	0	0	0	0	0	0	0	0	0	0	0	0	0	0	0	0	0	0	0	0	0	0	0	0	0	0	0	0	0	0	
10/03/2022 14:40:28	0	0	8	14.98	15.01	0	2227	774	3.7	3.7009	0	0	False	-3.173333	-2.793333	-2.678333	10	0	1.9026	3.727	3.738	-1	-0.034	3.7	0	0	0	0	0	0	0	0	0	0	0	0	0	0	0	0	0	0	0	0	0	0	0	0	0	0	0	0	0	0	0	0	0	0	0	0	0	0	0	0	0	0	0	0	0	0	0	0	0	0	
10/03/2022 14:40:38	0	0	8	14.99	15.01	0	2219	784	3.7	3.701	0	0	False	-2.971667	-2.678333	-2.698333	10	0	1.9101	3.727	3.738	-1	-0.023	3.7	0	0	0	0	0	0	0	0	0	0	0	0	0	0	0	0	0	0	0	0	0	0	0	0	0	0	0	0	0	0	0	0	0	0	0	0	0	0	0	0	0	0	0	0	0	0	0	0	0	0	
10/03/2022 14:40:48	0	0	8	14.99	15.01	0	1975	794	3.7	3.7011	0	0	False	-2.791667	-2.436667	-2.338333	10	0	1.9172	3.738	3.738	-1	-0.023	3.7	0	0	0	0	0	0	0	0	0	0	0	0	0	0	0	0	0	0	0	0	0	0	0	0	0	0	0	0	0	0	0	0	0	0	0	0	0	0	0	0	0	0	0	0	0	0	0	0	0	0	
10/03/2022 14:40:58	0	0	8	14.99	15.01	0	1905	804	3.7	3.7009	0	0	False	-2.611667	-2.321667	-2.318333	10	0	1.9239	3.738	3.738	-1	-0.034	3.7	0	0	0	0	0	0	0	0	0	0	0	0	0	0	0	0	0	0	0	0	0	0	0	0	0	0	0	0	0	0	0	0	0	0	0	0	0	0	0	0	0	0	0	0	0	0	0	0	0	0	
10/03/2022 14:41:08	0	0	8	14.99	15.02	0	1835	814	3.7	3.7009	0	0	False	-2.443333	-2.188333	-2.163333	10	0	1.9301	3.738	3.738	-1	-0.023	3.7	0	0	0	0	0	0	0	0	0	0	0	0	0	0	0	0	0	0	0	0	0	0	0	0	0	0	0	0	0	0	0	0	0	0	0	0	0	0	0	0	0	0	0	0	0	0	0	0	0	0	
10/03/2022 14:41:19	0	0	8	14.99	15.02	0	1649	824	3.7	3.7009	0	0	False	-2.278333	-2.005	-1.948333	10	0	1.9358	3.738	3.738	-1	-0.034	3.7	0	0	0	0	0	0	0	0	0	0	0	0	0	0	0	0	0	0	0	0	0	0	0	0	0	0	0	0	0	0	0	0	0	0	0	0	0	0	0	0	0	0	0	0	0	0	0	0	0	0	
10/03/2022 14:41:29	0	0	8	14.99	15.02	0	1521	834	3.7	3.7009	0	0	False	-2.155	-1.901667	-1.775	10	0	1.9413	3.727	3.738	-1	-0.023	3.7	0	0	0	0	0	0	0	0	0	0	0	0	0	0	0	0	0	0	0	0	0	0	0	0	0	0	0	0	0	0	0	0	0	0	0	0	0	0	0	0	0	0	0	0	0	0	0	0	0	0	
10/03/2022 14:41:39	0	0	8	14.99	15.02	0	1625	844	3.7	3.7011	0	0	False	-2.013333	-1.833333	-1.906667	10	0	1.9464	3.738	3.738	-1	-0.046	3.7	0	0	0	0	0	0	0	0	0	0	0	0	0	0	0	0	0	0	0	0	0	0	0	0	0	0	0	0	0	0	0	0	0	0	0	0	0	0	0	0	0	0	0	0	0	0	0	0	0	0	
10/03/2022 14:41:49	0	0	8	14.98	15.02	0	1381	854	3.7	3.7009	0	0	False	-1.9	-1.696667	-1.643333	10	0	1.9513	3.727	3.738	-1	-0.034	3.7	0	0	0	0	0	0	0	0	0	0	0	0	0	0	0	0	0	0	0	0	0	0	0	0	0	0	0	0	0	0	0	0	0	0	0	0	0	0	0	0	0	0	0	0	0	0	0	0	0	0	
10/03/2022 14:41:59	0	0	8	14.98	15.02	0	1369	864	3.701	3.7016	0	0	False	-1.775	-1.583333	-1.583333	10	0	1.9557	3.738	3.738	-1	-0.023	3.701	0	0	0	0	0	0	0	0	0	0	0	0	0	0	0	0	0	0	0	0	0	0	0	0	0	0	0	0	0	0	0	0	0	0	0	0	0	0	0	0	0	0	0	0	0	0	0	0	0	0	
10/03/2022 14:42:09	0	0	8	14.99	15.02	0	1299	874	3.701	3.7016	0	0	False	-1.673333	-1.441667	-1.475	10	0	1.96	3.738	3.738	-1	-0.034	3.701	0	0	0	0	0	0	0	0	0	0	0	0	0	0	0	0	0	0	0	0	0	0	0	0	0	0	0	0	0	0	0	0	0	0	0	0	0	0	0	0	0	0	0	0	0	0	0	0	0	0	
10/03/2022 14:42:19	0	0	8	14.98	15.02	0	1287	884	3.7	3.7011	0	0	False	-1.595	-1.473333	-1.473333	10	0	1.9642	3.727	3.738	-1	-0.023	3.7	0	0	0	0	0	0	0	0	0	0	0	0	0	0	0	0	0	0	0	0	0	0	0	0	0	0	0	0	0	0	0	0	0	0	0	0	0	0	0	0	0	0	0	0	0	0	0	0	0	0	
10/03/2022 14:42:29	0	0	8	14.98	15.02	0	1175	894	3.7	3.7009	0	0	False	-1.505	-1.33	-1.353333	10	0	1.968	3.738	3.738	-1	-0.023	3.7	0	0	0	0	0	0	0	0	0	0	0	0	0	0	0	0	0	0	0	0	0	0	0	0	0	0	0	0	0	0	0	0	0	0	0	0	0	0	0	0	0	0	0	0	0	0	0	0	0	0	
10/03/2022 14:42:39	0	0	8	14.99	15.02	0	1105	904	3.701	3.7018	0	0	False	-1.411667	-1.353333	-1.233333	10	0	1.9716	3.738	3.738	-1	-0.034	3.701	0	0	0	0	0	0	0	0	0	0	0	0	0	0	0	0	0	0	0	0	0	0	0	0	0	0	0	0	0	0	0	0	0	0	0	0	0	0	0	0	0	0	0	0	0	0	0	0	0	0	
10/03/2022 14:42:49	0	0	8	14.99	15.02	0	973	914	3.7	3.7009	0	0	False	-1.345	-1.16	-1.07	10	0	1.975	3.738	3.738	-1	-0.034	3.7	0	0	0	0	0	0	0	0	0	0	0	0	0	0	0	0	0	0	0	0	0	0	0	0	0	0	0	0	0	0	0	0	0	0	0	0	0	0	0	0	0	0	0	0	0	0	0	0	0	0	
10/03/2022 14:42:59	0	0	8	14.98	15.02	0	1073	924	3.7	3.7009	0	0	False	-1.283333	-1.255	-1.298333	10	0	1.9784	3.738	3.738	-1	-0.023	3.7	0	0	0	0	0	0	0	0	0	0	0	0	0	0	0	0	0	0	0	0	0	0	0	0	0	0	0	0	0	0	0	0	0	0	0	0	0	0	0	0	0	0	0	0	0	0	0	0	0	0	
10/03/2022 14:43:09	0	0	8	14.99	15.02	0	941	934	3.7	3.7009	0	0	False	-1.221667	-1.136667	-1.075	10	0	1.9815	3.727	3.738	-1	-0.023	3.7	0	0	0	0	0	0	0	0	0	0	0	0	0	0	0	0	0	0	0	0	0	0	0	0	0	0	0	0	0	0	0	0	0	0	0	0	0	0	0	0	0	0	0	0	0	0	0	0	0	0	
10/03/2022 14:43:19	0	0	8	14.99	15.02	0	871	944	3.7	3.701	0	0	False	-1.153333	-0.96	-0.9266667	10	0	1.9844	3.738	3.738	-1	-0.023	3.7	0	0	0	0	0	0	0	0	0	0	0	0	0	0	0	0	0	0	0	0	0	0	0	0	0	0	0	0	0	0	0	0	0	0	0	0	0	0	0	0	0	0	0	0	0	0	0	0	0	0	
10/03/2022 14:43:29	0	0	8	14.99	15.02	0	913	954	3.701	3.7012	0	0	False	-1.075	-1.046667	-1.036667	10	0	1.9872	3.738	3.738	-1	-0.034	3.701	0	0	0	0	0	0	0	0	0	0	0	0	0	0	0	0	0	0	0	0	0	0	0	0	0	0	0	0	0	0	0	0	0	0	0	0	0	0	0	0	0	0	0	0	0	0	0	0	0	0	
10/03/2022 14:43:39	0	0	8	14.98	15.02	0	777	964	3.7	3.701	0	0	False	-1.035	-0.9783334	-0.8716667	10	0	1.9899	3.738	3.738	-1	-0.034	3.7	0	0	0	0	0	0	0	0	0	0	0	0	0	0	0	0	0	0	0	0	0	0	0	0	0	0	0	0	0	0	0	0	0	0	0	0	0	0	0	0	0	0	0	0	0	0	0	0	0	0	
10/03/2022 14:43:49	0	0	8	14.99	15.02	0	765	974	3.7	3.7009	0	0	False	-0.98	-0.9233333	-0.895	10	0	1.9924	3.727	3.738	-1	-0.023	3.7	0	0	0	0	0	0	0	0	0	0	0	0	0	0	0	0	0	0	0	0	0	0	0	0	0	0	0	0	0	0	0	0	0	0	0	0	0	0	0	0	0	0	0	0	0	0	0	0	0	0	
10/03/2022 14:43:59	0	0	8	14.99	15.02	0	745	984	3.7	3.7009	0	0	False	-0.94	-0.8666667	-0.785	10	0	1.9948	3.727	3.738	-1	-0.034	3.7	0	0	0	0	0	0	0	0	0	0	0	0	0	0	0	0	0	0	0	0	0	0	0	0	0	0	0	0	0	0	0	0	0	0	0	0	0	0	0	0	0	0	0	0	0	0	0	0	0	0	
10/03/2022 14:44:09	0	0	8	14.98	15.02	0	765	993	3.7	3.7009	0	0	False	-0.905	-0.8983333	-0.96	10	0	1.997	3.727	3.738	-1	-0.023	3.7	0	0	0	0	0	0	0	0	0	0	0	0	0	0	0	0	0	0	0	0	0	0	0	0	0	0	0	0	0	0	0	0	0	0	0	0	0	0	0	0	0	0	0	0	0	0	0	0	0	0	
10/03/2022 14:44:19	0	0	8	14.99	15.02	0	829	1004	3.7	3.7011	0	0	False	-0.855	-0.7933334	-0.8833333	10	0	1.9993	3.727	3.738	-1	-0.023	3.7	0	0	0	0	0	0	0	0	0	0	0	0	0	0	0	0	0	0	0	0	0	0	0	0	0	0	0	0	0	0	0	0	0	0	0	0	0	0	0	0	0	0	0	0	0	0	0	0	0	0	
10/03/2022 14:44:29	0	0	8	14.98	15.02	0	697	1014	3.7	3.7009	0	0	False	-0.815	-0.8	-0.8116667	10	0	2.0014	3.727	3.738	-1	-0.023	3.7	0	0	0	0	0	0	0	0	0	0	0	0	0	0	0	0	0	0	0	0	0	0	0	0	0	0	0	0	0	0	0	0	0	0	0	0	0	0	0	0	0	0	0	0	0	0	0	0	0	0	
