DateTime	SlaveNum	Cycle	Mode	SupplyVolts	LSupplyVolts	SupplyAmps	PWM	SecTimer	AvgCellVolts	MaxCellVolts	AvgIR	FallBackVolts	CVStarted	SlowAmps	AvgAmps	FastAmps	SetAmps	AhrIN	AhrOUT	PackVolts	AvgPackVolts	Fuel1	SumError	Cell1Volts	Cell2Volts	Cell3Volts	Cell4Volts	Cell5Volts	Cell6Volts	Cell7Volts	Cell8Volts	Cell9Volts	Cell10Volts	Cell11Volts	Cell12Volts	Cell13Volts	Cell14Volts	Cell15Volts	Cell16Volts	Cell1IR	Cell2IR	Cell3IR	Cell4IR	Cell5IR	Cell6IR	Cell7IR	Cell8IR	Cell9IR	Cell10IR	Cell11IR	Cell12IR	Cell13IR	Cell14IR	Cell15IR	Cell16IR	BP1PWM	BP2PWM	BP3PWM	BP4PWM	BP5PWM	BP6PWM	BP7PWM	BP8PWM	BP9PWM	BP10PWM	BP11PWM	BP12PWM	BP13PWM	BP14PWM	BP15PWM	BP16PWM	Debug1	Debug2	Debug3	
11/03/2022 16:59:36	0	0	6	14.98	15.03	0	2234	12	4.078	4.081	0	0	False	0	0	0.01	4.2	0	0	4.117	4.117	87.8	-0.034	4.078	0	0	0	0	0	0	0	0	0	0	0	0	0	0	0	0	0	0	0	0	0	0	0	0	0	0	0	0	0	0	0	0	0	0	0	0	0	0	0	0	0	0	0	0	0	0	0	0	0	0	
11/03/2022 16:59:37	0	0	6	14.99	15.03	0	2230	13	4.08	4.081	0	0	False	0	0	0	4.2	0	0	4.117	4.117	87.8	-0.034	4.08	0	0	0	0	0	0	0	0	0	0	0	0	0	0	0	0	0	0	0	0	0	0	0	0	0	0	0	0	0	0	0	0	0	0	0	0	0	0	0	0	0	0	0	0	0	0	0	0	0	0	
11/03/2022 16:59:46	0	0	6	15.03	15.02	1.3	2438	22	4.123	4.1235	0	0	False	3.695	4.145	4.186666	4.2	0.0096	0	4.163	4.163	91.2	-0.034	4.123	0	0	0	0	0	0	0	0	0	0	0	0	0	0	0	19.9	0	0	0	0	0	0	0	0	0	0	0	0	0	0	0	0	0	0	0	0	0	0	0	0	0	0	0	0	0	0	0	0	0	0	
11/03/2022 16:59:56	0	0	6	15.02	15.02	1.3	2442	32	4.132	4.131	19.8	0	False	3.92	4.191667	4.201667	4.2	0.0212	0	4.163	4.163	92	-0.034	4.132	0	0	0	0	0	0	0	0	0	0	0	0	0	0	0	19.8	0	0	0	0	0	0	0	0	0	0	0	0	0	0	0	0	0	0	0	0	0	0	0	0	0	0	0	0	0	0	0	0	0	0	
11/03/2022 17:00:06	0	0	6	15.02	15.02	1.3	2442	42	4.135	4.136	20	0	False	4.048333	4.198333	4.098333	4.2	0.0329	0	4.174	4.174	92.3	-0.034	4.135	0	0	0	0	0	0	0	0	0	0	0	0	0	0	0	20	0	0	0	0	0	0	0	0	0	0	0	0	0	0	0	0	0	0	0	0	0	0	0	0	0	0	0	0	0	0	0	0	0	0	
11/03/2022 17:00:16	0	0	6	15.03	15.02	1.3	2446	52	4.139	4.1398	20	0	False	4.113333	4.191667	4.193333	4.2	0.0445	0	4.174	4.174	92.7	-0.034	4.139	0	0	0	0	0	0	0	0	0	0	0	0	0	0	0	20	0	0	0	0	0	0	0	0	0	0	0	0	0	0	0	0	0	0	0	0	0	0	0	0	0	0	0	0	0	0	0	0	0	0	
11/03/2022 17:00:26	0	0	6	15.02	15.02	1.3	2446	62	4.142	4.141	20.2	0	False	4.15	4.215	4.16	4.2	0.0563	0	4.174	4.174	92.8	-0.034	4.142	0	0	0	0	0	0	0	0	0	0	0	0	0	0	0	20.2	0	0	0	0	0	0	0	0	0	0	0	0	0	0	0	0	0	0	0	0	0	0	0	0	0	0	0	0	0	0	0	0	0	0	
11/03/2022 17:00:36	0	0	6	15.02	15.02	1.3	2446	72	4.143	4.1423	20	0	False	4.171667	4.208333	4.133333	4.2	0.0679	0	4.174	4.174	93.1	-0.034	4.143	0	0	0	0	0	0	0	0	0	0	0	0	0	0	0	20	0	0	0	0	0	0	0	0	0	0	0	0	0	0	0	0	0	0	0	0	0	0	0	0	0	0	0	0	0	0	0	0	0	0	
11/03/2022 17:00:46	0	0	6	15.03	15.02	1.3	2448	82	4.144	4.1452	20	0	False	4.185	4.206666	4.223333	4.2	0.0796	0	4.174	4.186	93.2	-0.034	4.144	0	0	0	0	0	0	0	0	0	0	0	0	0	0	0	20	0	0	0	0	0	0	0	0	0	0	0	0	0	0	0	0	0	0	0	0	0	0	0	0	0	0	0	0	0	0	0	0	0	0	
11/03/2022 17:00:56	0	0	6	15.03	15.02	1.3	2452	92	4.147	4.1473	20.3	0	False	4.191667	4.18	4.266667	4.2	0.0913	0	4.186	4.186	93.5	-0.034	4.147	0	0	0	0	0	0	0	0	0	0	0	0	0	0	0	20.3	0	0	0	0	0	0	0	0	0	0	0	0	0	0	0	0	0	0	0	0	0	0	0	0	0	0	0	0	0	0	0	0	0	0	
11/03/2022 17:01:06	0	0	6	15.02	15.02	1.3	2452	102	4.148	4.1485	20.1	0	False	4.191667	4.181667	4.245	4.2	0.1029	0	4.186	4.186	93.6	-0.034	4.148	0	0	0	0	0	0	0	0	0	0	0	0	0	0	0	20.1	0	0	0	0	0	0	0	0	0	0	0	0	0	0	0	0	0	0	0	0	0	0	0	0	0	0	0	0	0	0	0	0	0	0	
11/03/2022 17:01:16	0	0	6	15.03	15.02	1.3	2450	112	4.15	4.151	20.2	0	False	4.195	4.21	4.13	4.2	0.1146	0	4.186	4.186	93.6	-0.034	4.15	0	0	0	0	0	0	0	0	0	0	0	0	0	0	0	20.2	0	0	0	0	0	0	0	0	0	0	0	0	0	0	0	0	0	0	0	0	0	0	0	0	0	0	0	0	0	0	0	0	0	0	
11/03/2022 17:01:26	0	0	6	15.03	15.02	1.3	2456	122	4.152	4.1526	20.2	0	False	4.2	4.193333	4.288333	4.2	0.1262	0	4.186	4.186	94	-0.034	4.152	0	0	0	0	0	0	0	0	0	0	0	0	0	0	0	20.2	0	0	0	0	0	0	0	0	0	0	0	0	0	0	0	0	0	0	0	0	0	0	0	0	0	0	0	0	0	0	0	0	0	0	
11/03/2022 17:01:36	0	0	6	15.03	15.02	1.3	2456	132	4.154	4.1548	20.1	0	False	4.196667	4.186666	4.161667	4.2	0.1379	0	4.186	4.187	94.3	-0.034	4.154	0	0	0	0	0	0	0	0	0	0	0	0	0	0	0	20.1	0	0	0	0	0	0	0	0	0	0	0	0	0	0	0	0	0	0	0	0	0	0	0	0	0	0	0	0	0	0	0	0	0	0	
11/03/2022 17:01:46	0	0	6	15.03	15.02	1.3	2456	142	4.155	4.1563	20.2	0	False	4.196667	4.193333	4.161667	4.2	0.1495	0	4.186	4.196	94.4	-0.034	4.155	0	0	0	0	0	0	0	0	0	0	0	0	0	0	0	20.2	0	0	0	0	0	0	0	0	0	0	0	0	0	0	0	0	0	0	0	0	0	0	0	0	0	0	0	0	0	0	0	0	0	0	
11/03/2022 17:01:56	0	0	6	15.03	15.02	1.3	2456	152	4.158	4.1591	20.1	0	False	4.205	4.216667	4.216667	4.2	0.1612	0	4.186	4.197	94.5	-0.034	4.158	0	0	0	0	0	0	0	0	0	0	0	0	0	0	0	20.1	0	0	0	0	0	0	0	0	0	0	0	0	0	0	0	0	0	0	0	0	0	0	0	0	0	0	0	0	0	0	0	0	0	0	
11/03/2022 17:02:06	0	0	6	15.03	15.03	1.3	2458	162	4.16	4.1612	20	0	False	4.191667	4.18	4.185	4.2	0.1728	0	4.197	4.197	94.8	-0.034	4.16	0	0	0	0	0	0	0	0	0	0	0	0	0	0	0	20	0	0	0	0	0	0	0	0	0	0	0	0	0	0	0	0	0	0	0	0	0	0	0	0	0	0	0	0	0	0	0	0	0	0	
11/03/2022 17:02:16	0	0	6	15.03	15.02	1.3	2458	169	4.163	4.1635	20	0	False	4.19	4.191667	4.155	4.2	0.181	0	4.197	4.197	95.1	-0.034	4.163	0	0	0	0	0	0	0	0	0	0	0	0	0	0	0	20	0	0	0	0	0	0	0	0	0	0	0	0	0	0	0	0	0	0	0	0	0	0	0	0	0	0	0	0	0	0	0	0	0	0	
11/03/2022 17:02:26	0	0	6	15.03	15.02	1.3	2462	181	4.166	4.1665	20	0	False	4.198333	4.206666	4.223333	4.2	0.1949	0	4.197	4.198	95.3	-0.034	4.166	0	0	0	0	0	0	0	0	0	0	0	0	0	0	0	20	0	0	0	0	0	0	0	0	0	0	0	0	0	0	0	0	0	0	0	0	0	0	0	0	0	0	0	0	0	0	0	0	0	0	
11/03/2022 17:02:36	0	0	6	15.03	15.02	1.3	2462	191	4.169	4.1698	20.1	0	False	4.19	4.165	4.188334	4.2	0.2066	0	4.197	4.209	95.6	-0.034	4.169	0	0	0	0	0	0	0	0	0	0	0	0	0	0	0	20.1	0	0	0	0	0	0	0	0	0	0	0	0	0	0	0	0	0	0	0	0	0	0	0	0	0	0	0	0	0	0	0	0	0	0	
11/03/2022 17:02:46	0	0	6	15.03	15.02	1.3	2462	201	4.172	4.1724	20.1	0	False	4.186666	4.178333	4.151667	4.2	0.2182	0	4.197	4.209	95.8	-0.023	4.172	0	0	0	0	0	0	0	0	0	0	0	0	0	0	0	20.1	0	0	0	0	0	0	0	0	0	0	0	0	0	0	0	0	0	0	0	0	0	0	0	0	0	0	0	0	0	0	0	0	0	0	
11/03/2022 17:02:56	0	0	6	15.03	15.02	1.3	2466	211	4.175	4.176	20.1	0	False	4.198333	4.19	4.19	4.2	0.2299	0	4.209	4.211	96.4	-0.034	4.175	0	0	0	0	0	0	0	0	0	0	0	0	0	0	0	20.1	0	0	0	0	0	0	0	0	0	0	0	0	0	0	0	0	0	0	0	0	0	0	0	0	0	0	0	0	0	0	0	0	0	0	
11/03/2022 17:03:06	0	0	6	15.03	15.02	1.3	2468	221	4.179	4.1801	19.9	0	False	4.195	4.206666	4.228333	4.2	0.2416	0	4.209	4.22	96.7	-0.046	4.179	0	0	0	0	0	0	0	0	0	0	0	0	0	0	0	19.9	0	0	0	0	0	0	0	0	0	0	0	0	0	0	0	0	0	0	0	0	0	0	0	0	0	0	0	0	0	0	0	0	0	0	
11/03/2022 17:03:16	0	0	6	15.03	15.02	1.3	2472	231	4.183	4.1838	20	0	False	4.196667	4.193333	4.276667	4.2	0.2532	0	4.22	4.22	97.2	-0.034	4.183	0	0	0	0	0	0	0	0	0	0	0	0	0	0	0	20	0	0	0	0	0	0	0	0	0	0	0	0	0	0	0	0	0	0	0	0	0	0	0	0	0	0	0	0	0	0	0	0	0	0	
11/03/2022 17:03:26	0	0	6	15.03	15.02	1.3	2472	241	4.187	4.1881	19.9	0	False	4.193333	4.193333	4.19	4.2	0.2649	0	4.22	4.225	97.5	-0.034	4.187	0	0	0	0	0	0	0	0	0	0	0	0	0	0	0	19.9	0	0	0	0	0	0	0	0	0	0	0	0	0	0	0	0	0	0	0	0	0	0	0	0	0	0	0	0	0	0	0	0	0	0	
11/03/2022 17:03:36	0	0	6	15.03	15.02	1.3	2474	251	4.192	4.1926	19.9	0	False	4.19	4.19	4.14	4.2	0.2765	0	4.232	4.232	97.8	-0.046	4.192	0	0	0	0	0	0	0	0	0	0	0	0	0	0	0	19.9	0	0	0	0	0	0	0	0	0	0	0	0	0	0	0	0	0	0	0	0	0	0	0	0	0	0	0	0	0	0	0	0	0	0	
11/03/2022 17:03:46	0	0	6	15.03	15.02	1.3	2476	261	4.197	4.1973	19.8	0	False	4.19	4.191667	4.19	4.2	0.2882	0	4.232	4.232	98.4	-0.034	4.197	0	0	0	0	0	0	0	0	0	0	0	0	0	0	0	19.8	0	0	0	0	0	0	0	0	0	0	0	0	0	0	0	0	0	0	0	0	0	0	0	0	0	0	0	0	0	0	0	0	0	0	
11/03/2022 17:03:56	0	0	6	15.03	15.02	1.3	2478	271	4.202	4.2023	19.8	0	False	4.18	4.113333	4.111667	4.2	0.2998	0	4.243	4.243	98.8	-0.034	4.202	0	0	0	0	0	0	0	0	0	0	0	0	0	0	0	19.8	0	0	0	0	0	0	0	0	0	0	0	0	0	0	0	0	0	0	0	0	0	0	0	0	0	0	0	0	0	0	0	0	0	0	
11/03/2022 17:04:06	0	0	6	15.02	15.03	1.1	2462	281	4.204	4.2048	19.8	0	True	4.12	3.821667	3.611667	4.2	0.3109	0	4.232	4.243	99.4	-0.046	4.204	0	0	0	0	0	0	0	0	0	0	0	0	0	0	0	19.8	0	0	0	0	0	0	0	0	0	0	0	0	0	0	0	0	0	0	0	0	0	0	0	0	0	0	0	0	0	0	0	0	0	0	
11/03/2022 17:04:16	0	0	6	15.02	15.03	1.1	2454	291	4.204	4.2048	19.8	0	True	3.868333	3.406667	3.401667	4.2	0.3207	0	4.243	4.243	99.5	-0.046	4.204	0	0	0	0	0	0	0	0	0	0	0	0	0	0	0	19.8	0	0	0	0	0	0	0	0	0	0	0	0	0	0	0	0	0	0	0	0	0	0	0	0	0	0	0	0	0	0	0	0	0	0	
11/03/2022 17:04:26	0	0	6	15.02	15.02	0.9	2438	301	4.204	4.2048	19.8	0	True	3.21	3.011667	2.966667	4.2	0.3295	0	4.243	4.243	99.6	-0.034	4.204	0	0	0	0	0	0	0	0	0	0	0	0	0	0	0	19.8	0	0	0	0	0	0	0	0	0	0	0	0	0	0	0	0	0	0	0	0	0	0	0	0	0	0	0	0	0	0	0	0	0	0	
11/03/2022 17:04:36	0	0	6	15.02	15.02	0.9	2438	311	4.205	4.206	19.8	0	True	3.088333	2.918333	2.933333	4.2	0.3376	0	4.243	4.243	99.7	-0.034	4.205	0	0	0	0	0	0	0	0	0	0	0	0	0	0	0	19.8	0	0	0	0	0	0	0	0	0	0	0	0	0	0	0	0	0	0	0	0	0	0	0	0	0	0	0	0	0	0	0	0	0	0	
11/03/2022 17:04:46	0	0	6	15.01	15.03	0.8	2428	320	4.205	4.2063	19.8	0	True	2.948333	2.683333	2.666667	4.2	0.3444	0	4.243	4.243	99.8	-0.023	4.205	0	0	0	0	0	0	0	0	0	0	0	0	0	0	0	19.8	0	0	0	0	0	0	0	0	0	0	0	0	0	0	0	0	0	0	0	0	0	0	0	0	0	0	0	0	0	0	0	0	0	0	
11/03/2022 17:04:56	0	0	6	15.01	15.03	0.7	2418	331	4.205	4.206	19.8	0	True	2.705	2.36	2.36	4.2	0.3519	0	4.243	4.243	100	-0.034	4.205	0	0	0	0	0	0	0	0	0	0	0	0	0	0	0	19.8	0	0	0	0	0	0	0	0	0	0	0	0	0	0	0	0	0	0	0	0	0	0	0	0	0	0	0	0	0	0	0	0	0	0	
11/03/2022 17:05:06	0	0	6	15.01	15.03	0.7	2410	341	4.205	4.206	19.8	0	True	2.505	2.19	2.141667	4.2	0.3581	0	4.243	4.243	100	-0.034	4.205	0	0	0	0	0	0	0	0	0	0	0	0	0	0	0	19.8	0	0	0	0	0	0	0	0	0	0	0	0	0	0	0	0	0	0	0	0	0	0	0	0	0	0	0	0	0	0	0	0	0	0	
11/03/2022 17:05:16	0	0	6	15.01	15.03	0.6	2398	351	4.205	4.206	19.8	0	True	2.285	1.936667	1.886667	4.2	0.3637	0	4.243	4.243	100	-0.034	4.205	0	0	0	0	0	0	0	0	0	0	0	0	0	0	0	19.8	0	0	0	0	0	0	0	0	0	0	0	0	0	0	0	0	0	0	0	0	0	0	0	0	0	0	0	0	0	0	0	0	0	0	
11/03/2022 17:05:26	0	0	6	15.01	15.03	0.6	2396	361	4.206	4.2068	19.8	0	True	2.105	1.896667	1.896667	4.2	0.369	0	4.232	4.243	100	-0.023	4.206	0	0	0	0	0	0	0	0	0	0	0	0	0	0	0	19.8	0	0	0	0	0	0	0	0	0	0	0	0	0	0	0	0	0	0	0	0	0	0	0	0	0	0	0	0	0	0	0	0	0	0	
11/03/2022 17:05:36	0	0	6	15.01	15.03	0.5	2388	371	4.207	4.2073	19.8	0	True	1.99	1.775	1.745	4.2	0.3741	0	4.243	4.243	100	-0.034	4.207	0	0	0	0	0	0	0	0	0	0	0	0	0	0	0	19.8	0	0	0	0	0	0	0	0	0	0	0	0	0	0	0	0	0	0	0	0	0	0	0	0	0	0	0	0	0	0	0	0	0	0	
11/03/2022 17:05:46	0	0	6	15.01	15.03	0.5	2378	381	4.207	4.2074	19.8	0	True	1.84	1.58	1.578333	4.2	0.3788	0	4.243	4.243	100	-0.034	4.207	0	0	0	0	0	0	0	0	0	0	0	0	0	0	0	19.8	0	0	0	0	0	0	0	0	0	0	0	0	0	0	0	0	0	0	0	0	0	0	0	0	0	0	0	0	0	0	0	0	0	0	
11/03/2022 17:05:56	0	0	6	15.01	15.03	0.4	2370	390	4.207	4.2074	19.8	0	True	1.693333	1.49	1.436667	4.2	0.3826	0	4.243	4.244	100	-0.034	4.207	0	0	0	0	0	0	0	0	0	0	0	0	0	0	0	19.8	0	0	0	0	0	0	0	0	0	0	0	0	0	0	0	0	0	0	0	0	0	0	0	0	0	0	0	0	0	0	0	0	0	0	
11/03/2022 17:06:06	0	0	6	15	15.03	0.4	2364	400	4.207	4.2073	19.8	0	True	1.568333	1.383333	1.373333	4.2	0.3864	0	4.243	4.243	100	-0.034	4.207	0	0	0	0	0	0	0	0	0	0	0	0	0	0	0	19.8	0	0	0	0	0	0	0	0	0	0	0	0	0	0	0	0	0	0	0	0	0	0	0	0	0	0	0	0	0	0	0	0	0	0	
11/03/2022 17:06:16	0	0	6	15	15.03	0.4	2354	410	4.207	4.2073	19.8	0	True	1.44	1.193333	1.188333	4.2	0.39	0	4.243	4.243	100	-0.034	4.207	0	0	0	0	0	0	0	0	0	0	0	0	0	0	0	19.8	0	0	0	0	0	0	0	0	0	0	0	0	0	0	0	0	0	0	0	0	0	0	0	0	0	0	0	0	0	0	0	0	0	0	
11/03/2022 17:06:26	0	0	6	15	15.03	0.3	2350	420	4.207	4.2073	19.8	0	True	1.325	1.146667	1.121667	4.2	0.3933	0	4.243	4.243	100	-0.034	4.207	0	0	0	0	0	0	0	0	0	0	0	0	0	0	0	19.8	0	0	0	0	0	0	0	0	0	0	0	0	0	0	0	0	0	0	0	0	0	0	0	0	0	0	0	0	0	0	0	0	0	0	
11/03/2022 17:06:36	0	0	6	15.01	15.03	0.3	2350	430	4.207	4.2073	19.8	0	True	1.231667	1.113333	1.116667	4.2	0.3963	0	4.243	4.243	100	-0.034	4.207	0	0	0	0	0	0	0	0	0	0	0	0	0	0	0	19.8	0	0	0	0	0	0	0	0	0	0	0	0	0	0	0	0	0	0	0	0	0	0	0	0	0	0	0	0	0	0	0	0	0	0	
11/03/2022 17:06:46	0	0	6	15	15.03	0.3	2350	440	4.208	4.2085	19.8	0	True	1.176667	1.1	1.1	4.2	0.3994	0	4.243	4.244	100	-0.034	4.208	0	0	0	0	0	0	0	0	0	0	0	0	0	0	0	19.8	0	0	0	0	0	0	0	0	0	0	0	0	0	0	0	0	0	0	0	0	0	0	0	0	0	0	0	0	0	0	0	0	0	0	
11/03/2022 17:06:56	0	0	6	15	15.03	0.3	2342	450	4.208	4.2085	19.8	0	True	1.115	0.94	0.9466667	4.2	0.4022	0	4.243	4.249	100	-0.034	4.208	0	0	0	0	0	0	0	0	0	0	0	0	0	0	0	19.8	0	0	0	0	0	0	0	0	0	0	0	0	0	0	0	0	0	0	0	0	0	0	0	0	0	0	0	0	0	0	0	0	0	0	
11/03/2022 17:07:06	0	0	6	15	15.03	0.3	2338	460	4.208	4.2085	19.8	0	True	1.026667	0.86	0.8466667	4.2	0.4048	0	4.243	4.254	100	-0.034	4.208	0	0	0	0	0	0	0	0	0	0	0	0	0	0	0	19.8	0	0	0	0	0	0	0	0	0	0	0	0	0	0	0	0	0	0	0	0	0	0	0	0	0	0	0	0	0	0	0	0	0	0	
11/03/2022 17:07:16	0	0	6	15	15.03	0.3	2338	470	4.208	4.2085	19.8	0	True	0.95	0.8583333	0.8583333	4.2	0.4072	0	4.243	4.254	100	-0.034	4.208	0	0	0	0	0	0	0	0	0	0	0	0	0	0	0	19.8	0	0	0	0	0	0	0	0	0	0	0	0	0	0	0	0	0	0	0	0	0	0	0	0	0	0	0	0	0	0	0	0	0	0	
11/03/2022 17:07:26	0	0	6	15	15.03	0.2	2332	480	4.208	4.2085	19.8	0	True	0.8816667	0.7633333	0.7583333	4.2	0.4093	0	4.243	4.254	100	-0.034	4.208	0	0	0	0	0	0	0	0	0	0	0	0	0	0	0	19.8	0	0	0	0	0	0	0	0	0	0	0	0	0	0	0	0	0	0	0	0	0	0	0	0	0	0	0	0	0	0	0	0	0	0	
11/03/2022 17:07:36	0	0	6	15	15.03	0.2	2332	490	4.208	4.2085	19.8	0	True	0.8316666	0.7616667	0.7633333	4.2	0.4115	0	4.243	4.252	100	-0.034	4.208	0	0	0	0	0	0	0	0	0	0	0	0	0	0	0	19.8	0	0	0	0	0	0	0	0	0	0	0	0	0	0	0	0	0	0	0	0	0	0	0	0	0	0	0	0	0	0	0	0	0	0	
11/03/2022 17:07:46	0	0	6	14.99	15.03	0.2	2328	500	4.208	4.2085	19.8	0	True	0.7766666	0.6733333	0.665	4.2	0.4134	0	4.243	4.252	100	-0.034	4.208	0	0	0	0	0	0	0	0	0	0	0	0	0	0	0	19.8	0	0	0	0	0	0	0	0	0	0	0	0	0	0	0	0	0	0	0	0	0	0	0	0	0	0	0	0	0	0	0	0	0	0	
11/03/2022 17:07:56	0	0	6	15	15.03	0.2	2326	510	4.208	4.2085	19.8	0	True	0.7233334	0.5933333	0.5883333	4.2	0.4152	0	4.243	4.252	100	-0.034	4.208	0	0	0	0	0	0	0	0	0	0	0	0	0	0	0	19.8	0	0	0	0	0	0	0	0	0	0	0	0	0	0	0	0	0	0	0	0	0	0	0	0	0	0	0	0	0	0	0	0	0	0	
11/03/2022 17:08:06	0	0	6	14.99	15.03	0.2	2326	520	4.208	4.2085	19.8	0	True	0.665	0.5883333	0.6033334	4.2	0.4169	0	4.243	4.252	100	-0.034	4.208	0	0	0	0	0	0	0	0	0	0	0	0	0	0	0	19.8	0	0	0	0	0	0	0	0	0	0	0	0	0	0	0	0	0	0	0	0	0	0	0	0	0	0	0	0	0	0	0	0	0	0	
11/03/2022 17:08:16	0	0	6	14.99	15.03	0.2	2324	530	4.208	4.2087	19.8	0	True	0.6316667	0.585	0.5816666	4.2	0.4185	0	4.243	4.252	100	-0.034	4.208	0	0	0	0	0	0	0	0	0	0	0	0	0	0	0	19.8	0	0	0	0	0	0	0	0	0	0	0	0	0	0	0	0	0	0	0	0	0	0	0	0	0	0	0	0	0	0	0	0	0	0	
11/03/2022 17:08:26	0	0	6	15	15.03	0.2	2322	540	4.208	4.2085	19.8	0	True	0.5816666	0.5016667	0.5	4.2	0.4199	0	4.243	4.254	100	-0.034	4.208	0	0	0	0	0	0	0	0	0	0	0	0	0	0	0	19.8	0	0	0	0	0	0	0	0	0	0	0	0	0	0	0	0	0	0	0	0	0	0	0	0	0	0	0	0	0	0	0	0	0	0	
11/03/2022 17:08:36	0	0	6	14.99	15.03	0.2	2322	550	4.208	4.2085	19.8	0	True	0.5466667	0.495	0.4883333	4.2	0.4213	0	4.243	4.254	100	-0.034	4.208	0	0	0	0	0	0	0	0	0	0	0	0	0	0	0	19.8	0	0	0	0	0	0	0	0	0	0	0	0	0	0	0	0	0	0	0	0	0	0	0	0	0	0	0	0	0	0	0	0	0	0	
11/03/2022 17:08:46	0	0	6	14.99	15.03	0.1	2322	560	4.208	4.2085	19.8	0	True	0.53	0.4933333	0.5116667	4.2	0.4227	0	4.243	4.254	100	-0.034	4.208	0	0	0	0	0	0	0	0	0	0	0	0	0	0	0	19.8	0	0	0	0	0	0	0	0	0	0	0	0	0	0	0	0	0	0	0	0	0	0	0	0	0	0	0	0	0	0	0	0	0	0	
11/03/2022 17:08:56	0	0	6	14.99	15.03	0.1	2318	570	4.208	4.2085	19.8	0	True	0.4983333	0.4083333	0.39	4.2	0.4239	0	4.243	4.254	100	-0.034	4.208	0	0	0	0	0	0	0	0	0	0	0	0	0	0	0	19.8	0	0	0	0	0	0	0	0	0	0	0	0	0	0	0	0	0	0	0	0	0	0	0	0	0	0	0	0	0	0	0	0	0	0	
11/03/2022 17:09:06	0	0	6	14.99	15.03	0.1	2318	580	4.208	4.2085	19.8	0	True	0.4616667	0.4083333	0.4233333	4.2	0.4251	0	4.243	4.254	100	-0.034	4.208	0	0	0	0	0	0	0	0	0	0	0	0	0	0	0	19.8	0	0	0	0	0	0	0	0	0	0	0	0	0	0	0	0	0	0	0	0	0	0	0	0	0	0	0	0	0	0	0	0	0	0	
11/03/2022 17:09:16	0	0	6	14.99	15.03	0.1	2318	590	4.208	4.2085	19.8	0	True	0.4433333	0.405	0.405	4.2	0.4262	0	4.243	4.254	100	-0.034	4.208	0	0	0	0	0	0	0	0	0	0	0	0	0	0	0	19.8	0	0	0	0	0	0	0	0	0	0	0	0	0	0	0	0	0	0	0	0	0	0	0	0	0	0	0	0	0	0	0	0	0	0	
11/03/2022 17:09:26	0	0	6	14.99	15.03	0.1	2318	600	4.208	4.2085	19.8	0	True	0.4266667	0.4033333	0.4116667	4.2	0.4274	0	4.243	4.254	100	-0.034	4.208	0	0	0	0	0	0	0	0	0	0	0	0	0	0	0	19.8	0	0	0	0	0	0	0	0	0	0	0	0	0	0	0	0	0	0	0	0	0	0	0	0	0	0	0	0	0	0	0	0	0	0	
11/03/2022 17:09:36	0	0	6	14.99	15.03	0.1	2314	610	4.208	4.2085	19.8	0	True	0.3916667	0.3216667	0.3133333	4.2	0.4283	0	4.243	4.254	100	-0.034	4.208	0	0	0	0	0	0	0	0	0	0	0	0	0	0	0	19.8	0	0	0	0	0	0	0	0	0	0	0	0	0	0	0	0	0	0	0	0	0	0	0	0	0	0	0	0	0	0	0	0	0	0	
11/03/2022 17:09:46	0	0	6	14.99	15.03	0.1	2314	619	4.208	4.2085	19.8	0	True	0.365	0.32	0.3233333	4.2	0.4291	0	4.243	4.254	100	-0.034	4.208	0	0	0	0	0	0	0	0	0	0	0	0	0	0	0	19.8	0	0	0	0	0	0	0	0	0	0	0	0	0	0	0	0	0	0	0	0	0	0	0	0	0	0	0	0	0	0	0	0	0	0	
11/03/2022 17:09:56	0	0	6	14.99	15.03	0.1	2312	629	4.208	4.2085	19.8	0	True	0.3483333	0.3183333	0.3183333	4.2	0.43	0	4.243	4.254	100	-0.034	4.208	0	0	0	0	0	0	0	0	0	0	0	0	0	0	0	19.8	0	0	0	0	0	0	0	0	0	0	0	0	0	0	0	0	0	0	0	0	0	0	0	0	0	0	0	0	0	0	0	0	0	0	
11/03/2022 17:10:06	0	0	6	14.99	15.03	0.1	2312	637	4.208	4.2085	19.8	0	True	0.335	0.3233333	0.3233333	4.2	0.4307	0	4.243	4.254	100	-0.034	4.208	0	0	0	0	0	0	0	0	0	0	0	0	0	0	0	19.8	0	0	0	0	0	0	0	0	0	0	0	0	0	0	0	0	0	0	0	0	0	0	0	0	0	0	0	0	0	0	0	0	0	0	
11/03/2022 17:10:16	0	0	6	14.99	15.03	0.1	2312	649	4.208	4.2085	19.8	0	True	0.3183333	0.3216667	0.34	4.2	0.4318	0	4.243	4.254	100	-0.034	4.208	0	0	0	0	0	0	0	0	0	0	0	0	0	0	0	19.8	0	0	0	0	0	0	0	0	0	0	0	0	0	0	0	0	0	0	0	0	0	0	0	0	0	0	0	0	0	0	0	0	0	0	
11/03/2022 17:10:26	0	0	6	14.99	15.03	0.1	2310	659	4.208	4.2085	19.8	0	True	0.29	0.2316667	0.245	4.2	0.4324	0	4.243	4.254	100	-0.034	4.208	0	0	0	0	0	0	0	0	0	0	0	0	0	0	0	19.8	0	0	0	0	0	0	0	0	0	0	0	0	0	0	0	0	0	0	0	0	0	0	0	0	0	0	0	0	0	0	0	0	0	0	
11/03/2022 17:10:36	0	0	6	14.99	15.03	0.1	2310	669	4.208	4.2085	19.8	0	True	0.2683333	0.2316667	0.2366667	4.2	0.4331	0	4.243	4.254	100	-0.034	4.208	0	0	0	0	0	0	0	0	0	0	0	0	0	0	0	19.8	0	0	0	0	0	0	0	0	0	0	0	0	0	0	0	0	0	0	0	0	0	0	0	0	0	0	0	0	0	0	0	0	0	0	
11/03/2022 17:10:46	0	0	6	14.99	15.03	0.1	2310	679	4.208	4.2085	19.8	0	True	0.2516667	0.2316667	0.2516667	4.2	0.4337	0	4.243	4.254	100	-0.034	4.208	0	0	0	0	0	0	0	0	0	0	0	0	0	0	0	19.8	0	0	0	0	0	0	0	0	0	0	0	0	0	0	0	0	0	0	0	0	0	0	0	0	0	0	0	0	0	0	0	0	0	0	
11/03/2022 17:10:56	0	0	6	14.99	15.03	0.1	2310	689	4.208	4.2085	19.8	0	True	0.235	0.23	0.23	4.2	0.4344	0	4.243	4.254	100	-0.034	4.208	0	0	0	0	0	0	0	0	0	0	0	0	0	0	0	19.8	0	0	0	0	0	0	0	0	0	0	0	0	0	0	0	0	0	0	0	0	0	0	0	0	0	0	0	0	0	0	0	0	0	0	
11/03/2022 17:11:06	0	0	6	14.99	15.03	0.1	2310	699	4.208	4.2085	19.8	0	True	0.2316667	0.2366667	0.2366667	4.2	0.435	0	4.243	4.254	100	-0.034	4.208	0	0	0	0	0	0	0	0	0	0	0	0	0	0	0	19.8	0	0	0	0	0	0	0	0	0	0	0	0	0	0	0	0	0	0	0	0	0	0	0	0	0	0	0	0	0	0	0	0	0	0	
11/03/2022 17:11:16	0	0	6	14.99	15.03	0.1	2310	709	4.208	4.2085	19.8	0	True	0.2316667	0.23	0.2366667	4.2	0.4357	0	4.243	4.254	100	-0.034	4.208	0	0	0	0	0	0	0	0	0	0	0	0	0	0	0	19.8	0	0	0	0	0	0	0	0	0	0	0	0	0	0	0	0	0	0	0	0	0	0	0	0	0	0	0	0	0	0	0	0	0	0	
11/03/2022 17:11:26	0	0	6	14.99	15.03	0.1	2310	719	4.208	4.2085	19.8	0	True	0.23	0.2333333	0.245	4.2	0.4363	0	4.243	4.254	100	-0.034	4.208	0	0	0	0	0	0	0	0	0	0	0	0	0	0	0	19.8	0	0	0	0	0	0	0	0	0	0	0	0	0	0	0	0	0	0	0	0	0	0	0	0	0	0	0	0	0	0	0	0	0	0	
11/03/2022 17:11:36	0	0	6	14.99	15.03	0.1	2310	729	4.208	4.2085	19.8	0	True	0.23	0.2266667	0.225	4.2	0.4369	0	4.243	4.254	100	-0.034	4.208	0	0	0	0	0	0	0	0	0	0	0	0	0	0	0	19.8	0	0	0	0	0	0	0	0	0	0	0	0	0	0	0	0	0	0	0	0	0	0	0	0	0	0	0	0	0	0	0	0	0	0	
11/03/2022 17:11:46	0	0	6	14.99	15.03	0.1	2310	739	4.208	4.2085	19.8	0	True	0.2266667	0.2233333	0.2133333	4.2	0.4376	0	4.243	4.254	100	-0.034	4.208	0	0	0	0	0	0	0	0	0	0	0	0	0	0	0	19.8	0	0	0	0	0	0	0	0	0	0	0	0	0	0	0	0	0	0	0	0	0	0	0	0	0	0	0	0	0	0	0	0	0	0	
11/03/2022 17:11:56	0	0	6	14.99	15.03	0.1	2310	749	4.208	4.2085	19.8	0	True	0.2233333	0.2216667	0.225	4.2	0.4382	0	4.243	4.254	100	-0.034	4.208	0	0	0	0	0	0	0	0	0	0	0	0	0	0	0	19.8	0	0	0	0	0	0	0	0	0	0	0	0	0	0	0	0	0	0	0	0	0	0	0	0	0	0	0	0	0	0	0	0	0	0	
11/03/2022 17:12:06	0	0	6	14.99	15.03	0.1	2308	759	4.208	4.2087	19.8	0	True	0.225	0.225	0.245	4.2	0.4388	0	4.243	4.254	100	-0.034	4.208	0	0	0	0	0	0	0	0	0	0	0	0	0	0	0	19.8	0	0	0	0	0	0	0	0	0	0	0	0	0	0	0	0	0	0	0	0	0	0	0	0	0	0	0	0	0	0	0	0	0	0	
11/03/2022 17:12:16	0	0	6	14.99	15.03	0	2306	769	4.208	4.2085	19.8	0	True	0.215	0.14	0.1466667	4.2	0.4394	0	4.254	4.254	100	-0.034	4.208	0	0	0	0	0	0	0	0	0	0	0	0	0	0	0	19.8	0	0	0	0	0	0	0	0	0	0	0	0	0	0	0	0	0	0	0	0	0	0	0	0	0	0	0	0	0	0	0	0	0	0	
11/03/2022 17:12:26	0	0	11	14.99	15.03	0	0	7	4.207	4.2085	19.8	0	True	0.1266667	0	0.003333333	4.2	0.4394	0	4.243	4.254	100	-0.034	4.207	0	0	0	0	0	0	0	0	0	0	0	0	0	0	0	19.8	0	0	0	0	0	0	0	0	0	0	0	0	0	0	0	0	0	0	0	0	0	0	0	0	0	0	0	0	0	0	0	0	0	0	
11/03/2022 17:12:36	0	0	11	14.99	15.03	0	0	17	4.205	4.2085	19.8	0	True	0.07166667	0	0.003333333	4.2	0.4394	0	4.243	4.251	100	-0.034	4.205	0	0	0	0	0	0	0	0	0	0	0	0	0	0	0	19.8	0	0	0	0	0	0	0	0	0	0	0	0	0	0	0	0	0	0	0	0	0	0	0	0	0	0	0	0	0	0	0	0	0	0	
11/03/2022 17:12:46	0	0	11	14.99	15.03	0	0	27	4.204	4.2085	19.8	0	True	0.04666667	0	0.003333333	4.2	0.4394	0	4.243	4.249	100	-0.034	4.204	0	0	0	0	0	0	0	0	0	0	0	0	0	0	0	19.8	0	0	0	0	0	0	0	0	0	0	0	0	0	0	0	0	0	0	0	0	0	0	0	0	0	0	0	0	0	0	0	0	0	0	
11/03/2022 17:12:56	0	0	11	14.99	15.03	0	0	37	4.204	4.2085	19.8	0	True	0.03	0	0.003333333	4.2	0.4394	0	4.243	4.248	100	-0.034	4.204	0	0	0	0	0	0	0	0	0	0	0	0	0	0	0	19.8	0	0	0	0	0	0	0	0	0	0	0	0	0	0	0	0	0	0	0	0	0	0	0	0	0	0	0	0	0	0	0	0	0	0	
11/03/2022 17:13:06	0	0	11	14.99	15.03	0	0	47	4.204	4.2085	19.8	0	True	0.01333333	0	0.003333333	4.2	0.4394	0	4.243	4.244	100	-0.034	4.204	0	0	0	0	0	0	0	0	0	0	0	0	0	0	0	19.8	0	0	0	0	0	0	0	0	0	0	0	0	0	0	0	0	0	0	0	0	0	0	0	0	0	0	0	0	0	0	0	0	0	0	
11/03/2022 17:13:16	0	0	11	14.99	15.03	0	0	57	4.203	4.2085	19.8	0	True	0	0	0.003333333	4.2	0.4394	0	4.243	4.243	100	-0.034	4.203	0	0	0	0	0	0	0	0	0	0	0	0	0	0	0	19.8	0	0	0	0	0	0	0	0	0	0	0	0	0	0	0	0	0	0	0	0	0	0	0	0	0	0	0	0	0	0	0	0	0	0	
11/03/2022 17:13:26	0	0	8	14.99	15	0	3412	7	4.157	4.1573	19.8	0	False	-4.01	-4.066667	-4.251667	4.25	0.4394	0.0063	4.197	4.197	-1	-0.046	4.157	0	0	0	0	0	0	0	0	0	0	0	0	0	0	0	19.8	0	0	0	0	0	0	0	0	0	0	0	0	0	0	0	0	0	0	0	0	0	0	0	0	0	0	0	0	0	0	0	0	0	0	
11/03/2022 17:13:36	0	0	8	14.99	15	0	3410	17	4.134	4.1348	19.8	0	False	-4.106667	-4.25	-4.251667	4.25	0.4394	0.0181	4.174	4.174	-1	-0.034	4.134	0	0	0	0	0	0	0	0	0	0	0	0	0	0	0	19.8	0	0	0	0	0	0	0	0	0	0	0	0	0	0	0	0	0	0	0	0	0	0	0	0	0	0	0	0	0	0	0	0	0	0	
11/03/2022 17:13:46	0	0	8	14.99	15	0	3412	27	4.12	4.1198	19.8	0	False	-4.17	-4.25	-4.251667	4.25	0.4394	0.0299	4.151	4.163	-1	-0.046	4.12	0	0	0	0	0	0	0	0	0	0	0	0	0	0	0	19.8	0	0	0	0	0	0	0	0	0	0	0	0	0	0	0	0	0	0	0	0	0	0	0	0	0	0	0	0	0	0	0	0	0	0	
11/03/2022 17:13:56	0	0	8	14.99	15	0	3414	37	4.109	4.1098	19.8	0	False	-4.201667	-4.246666	-4.24	4.25	0.4394	0.0417	4.151	4.151	-1	-0.046	4.109	0	0	0	0	0	0	0	0	0	0	0	0	0	0	0	19.8	0	0	0	0	0	0	0	0	0	0	0	0	0	0	0	0	0	0	0	0	0	0	0	0	0	0	0	0	0	0	0	0	0	0	
11/03/2022 17:14:06	0	0	8	14.99	15	0	3416	47	4.099	4.0998	19.8	0	False	-4.218333	-4.245	-4.24	4.25	0.4394	0.0535	4.128	4.128	-1	-0.034	4.099	0	0	0	0	0	0	0	0	0	0	0	0	0	0	0	19.8	0	0	0	0	0	0	0	0	0	0	0	0	0	0	0	0	0	0	0	0	0	0	0	0	0	0	0	0	0	0	0	0	0	0	
11/03/2022 17:14:16	0	0	8	14.98	15	0	3422	57	4.093	4.0922	19.8	0	False	-4.235	-4.248333	-4.251667	4.25	0.4394	0.0653	4.128	4.128	-1	-0.034	4.093	0	0	0	0	0	0	0	0	0	0	0	0	0	0	0	19.8	0	0	0	0	0	0	0	0	0	0	0	0	0	0	0	0	0	0	0	0	0	0	0	0	0	0	0	0	0	0	0	0	0	0	
11/03/2022 17:14:26	0	0	8	14.99	15	0	3424	67	4.086	4.0872	19.8	0	False	-4.245	-4.246666	-4.246666	4.25	0.4394	0.0771	4.128	4.128	-1	-0.046	4.086	0	0	0	0	0	0	0	0	0	0	0	0	0	0	0	19.8	0	0	0	0	0	0	0	0	0	0	0	0	0	0	0	0	0	0	0	0	0	0	0	0	0	0	0	0	0	0	0	0	0	0	
11/03/2022 17:14:36	0	0	8	14.98	15	0	3414	77	4.08	4.0806	19.8	0	False	-4.25	-4.25	-4.241667	4.25	0.4394	0.0889	4.117	4.123	-1	-0.046	4.08	0	0	0	0	0	0	0	0	0	0	0	0	0	0	0	19.8	0	0	0	0	0	0	0	0	0	0	0	0	0	0	0	0	0	0	0	0	0	0	0	0	0	0	0	0	0	0	0	0	0	0	
11/03/2022 17:14:46	0	0	8	14.99	15	0	3424	87	4.074	4.0747	19.8	0	False	-4.246666	-4.243333	-4.236667	4.25	0.4394	0.1007	4.117	4.117	-1	-0.034	4.074	0	0	0	0	0	0	0	0	0	0	0	0	0	0	0	19.8	0	0	0	0	0	0	0	0	0	0	0	0	0	0	0	0	0	0	0	0	0	0	0	0	0	0	0	0	0	0	0	0	0	0	
11/03/2022 17:14:56	0	0	8	14.99	15	0	3414	97	4.069	4.0697	19.8	0	False	-4.248333	-4.251667	-4.253334	4.25	0.4394	0.1125	4.105	4.117	-1	-0.034	4.069	0	0	0	0	0	0	0	0	0	0	0	0	0	0	0	19.8	0	0	0	0	0	0	0	0	0	0	0	0	0	0	0	0	0	0	0	0	0	0	0	0	0	0	0	0	0	0	0	0	0	0	
11/03/2022 17:15:06	0	0	8	14.99	15	0	3428	107	4.065	4.0658	19.8	0	False	-4.246666	-4.24	-4.236667	4.25	0.4394	0.1243	4.094	4.105	-1	-0.034	4.065	0	0	0	0	0	0	0	0	0	0	0	0	0	0	0	19.8	0	0	0	0	0	0	0	0	0	0	0	0	0	0	0	0	0	0	0	0	0	0	0	0	0	0	0	0	0	0	0	0	0	0	
11/03/2022 17:15:16	0	0	8	14.99	15	0	3418	116	4.061	4.0618	19.8	0	False	-4.248333	-4.248333	-4.231667	4.25	0.4394	0.1361	4.094	4.105	-1	-0.034	4.061	0	0	0	0	0	0	0	0	0	0	0	0	0	0	0	19.8	0	0	0	0	0	0	0	0	0	0	0	0	0	0	0	0	0	0	0	0	0	0	0	0	0	0	0	0	0	0	0	0	0	0	
11/03/2022 17:15:26	0	0	8	14.98	15	0	3416	126	4.057	4.0582	19.8	0	False	-4.25	-4.251667	-4.241667	4.25	0.4394	0.1467	4.094	4.105	-1	-0.034	4.057	0	0	0	0	0	0	0	0	0	0	0	0	0	0	0	19.8	0	0	0	0	0	0	0	0	0	0	0	0	0	0	0	0	0	0	0	0	0	0	0	0	0	0	0	0	0	0	0	0	0	0	
11/03/2022 17:15:36	0	0	8	14.99	15	0	3422	136	4.054	4.0547	19.8	0	False	-4.246666	-4.246666	-4.236667	4.25	0.4394	0.1585	4.094	4.094	-1	-0.046	4.054	0	0	0	0	0	0	0	0	0	0	0	0	0	0	0	19.8	0	0	0	0	0	0	0	0	0	0	0	0	0	0	0	0	0	0	0	0	0	0	0	0	0	0	0	0	0	0	0	0	0	0	
11/03/2022 17:15:46	0	0	8	14.99	15	0	3420	146	4.051	4.0518	19.8	0	False	-4.245	-4.243333	-4.241667	4.25	0.4394	0.1703	4.094	4.094	-1	-0.046	4.051	0	0	0	0	0	0	0	0	0	0	0	0	0	0	0	19.8	0	0	0	0	0	0	0	0	0	0	0	0	0	0	0	0	0	0	0	0	0	0	0	0	0	0	0	0	0	0	0	0	0	0	
11/03/2022 17:15:56	0	0	8	14.99	15	0	3418	156	4.048	4.049	19.8	0	False	-4.243333	-4.246666	-4.236667	4.25	0.4394	0.1821	4.082	4.094	-1	-0.034	4.048	0	0	0	0	0	0	0	0	0	0	0	0	0	0	0	19.8	0	0	0	0	0	0	0	0	0	0	0	0	0	0	0	0	0	0	0	0	0	0	0	0	0	0	0	0	0	0	0	0	0	0	
11/03/2022 17:16:06	0	0	8	14.99	15	0	3420	166	4.045	4.046	19.8	0	False	-4.25	-4.246666	-4.241667	4.25	0.4394	0.1939	4.082	4.093	-1	-0.034	4.045	0	0	0	0	0	0	0	0	0	0	0	0	0	0	0	19.8	0	0	0	0	0	0	0	0	0	0	0	0	0	0	0	0	0	0	0	0	0	0	0	0	0	0	0	0	0	0	0	0	0	0	
11/03/2022 17:16:16	0	0	8	14.99	15	0	3426	176	4.043	4.0435	19.8	0	False	-4.248333	-4.24	-4.236667	4.25	0.4394	0.2057	4.082	4.082	-1	-0.046	4.043	0	0	0	0	0	0	0	0	0	0	0	0	0	0	0	19.8	0	0	0	0	0	0	0	0	0	0	0	0	0	0	0	0	0	0	0	0	0	0	0	0	0	0	0	0	0	0	0	0	0	0	
11/03/2022 17:16:26	0	0	8	14.99	15	0	3424	186	4.041	4.042	19.8	0	False	-4.246666	-4.245	-4.241667	4.25	0.4394	0.2175	4.082	4.082	-1	-0.046	4.041	0	0	0	0	0	0	0	0	0	0	0	0	0	0	0	19.8	0	0	0	0	0	0	0	0	0	0	0	0	0	0	0	0	0	0	0	0	0	0	0	0	0	0	0	0	0	0	0	0	0	0	
11/03/2022 17:16:36	0	0	8	14.99	15	0	3422	196	4.039	4.0397	19.8	0	False	-4.251667	-4.241667	-4.236667	4.25	0.4394	0.2293	4.071	4.082	-1	-0.034	4.039	0	0	0	0	0	0	0	0	0	0	0	0	0	0	0	19.8	0	0	0	0	0	0	0	0	0	0	0	0	0	0	0	0	0	0	0	0	0	0	0	0	0	0	0	0	0	0	0	0	0	0	
11/03/2022 17:16:46	0	0	8	14.99	15	0	3420	206	4.037	4.0378	19.8	0	False	-4.245	-4.25	-4.241667	4.25	0.4394	0.2411	4.082	4.082	-1	-0.034	4.037	0	0	0	0	0	0	0	0	0	0	0	0	0	0	0	19.8	0	0	0	0	0	0	0	0	0	0	0	0	0	0	0	0	0	0	0	0	0	0	0	0	0	0	0	0	0	0	0	0	0	0	
11/03/2022 17:16:56	0	0	8	14.98	15	0	3414	216	4.035	4.036	19.8	0	False	-4.248333	-4.253334	-4.241667	4.25	0.4394	0.2529	4.071	4.082	-1	-0.034	4.035	0	0	0	0	0	0	0	0	0	0	0	0	0	0	0	19.8	0	0	0	0	0	0	0	0	0	0	0	0	0	0	0	0	0	0	0	0	0	0	0	0	0	0	0	0	0	0	0	0	0	0	
11/03/2022 17:17:06	0	0	8	14.99	15	0	3424	226	4.033	4.0337	19.8	0	False	-4.246666	-4.245	-4.241667	4.25	0.4394	0.2647	4.071	4.081	-1	-0.034	4.033	0	0	0	0	0	0	0	0	0	0	0	0	0	0	0	19.8	0	0	0	0	0	0	0	0	0	0	0	0	0	0	0	0	0	0	0	0	0	0	0	0	0	0	0	0	0	0	0	0	0	0	
11/03/2022 17:17:16	0	0	8	14.99	15	0	3422	236	4.032	4.0322	19.8	0	False	-4.251667	-4.246666	-4.241667	4.25	0.4394	0.2765	4.06	4.071	-1	-0.046	4.032	0	0	0	0	0	0	0	0	0	0	0	0	0	0	0	19.8	0	0	0	0	0	0	0	0	0	0	0	0	0	0	0	0	0	0	0	0	0	0	0	0	0	0	0	0	0	0	0	0	0	0	
11/03/2022 17:17:26	0	0	8	14.99	15	0	3420	246	4.03	4.031	19.8	0	False	-4.246666	-4.248333	-4.241667	4.25	0.4394	0.2883	4.071	4.071	-1	-0.034	4.03	0	0	0	0	0	0	0	0	0	0	0	0	0	0	0	19.8	0	0	0	0	0	0	0	0	0	0	0	0	0	0	0	0	0	0	0	0	0	0	0	0	0	0	0	0	0	0	0	0	0	0	
11/03/2022 17:17:36	0	0	8	14.99	15	0	3414	256	4.029	4.0297	19.8	0	False	-4.245	-4.25	-4.253334	4.25	0.4394	0.3001	4.071	4.071	-1	-0.034	4.029	0	0	0	0	0	0	0	0	0	0	0	0	0	0	0	19.8	0	0	0	0	0	0	0	0	0	0	0	0	0	0	0	0	0	0	0	0	0	0	0	0	0	0	0	0	0	0	0	0	0	0	
11/03/2022 17:17:46	0	0	8	14.99	15	0	3424	266	4.028	4.0285	19.8	0	False	-4.245	-4.243333	-4.241667	4.25	0.4394	0.3119	4.06	4.071	-1	-0.046	4.028	0	0	0	0	0	0	0	0	0	0	0	0	0	0	0	19.8	0	0	0	0	0	0	0	0	0	0	0	0	0	0	0	0	0	0	0	0	0	0	0	0	0	0	0	0	0	0	0	0	0	0	
11/03/2022 17:17:56	0	0	8	14.99	15	0	3418	276	4.026	4.0271	19.8	0	False	-4.248333	-4.248333	-4.236667	4.25	0.4394	0.3237	4.06	4.071	-1	-0.034	4.026	0	0	0	0	0	0	0	0	0	0	0	0	0	0	0	19.8	0	0	0	0	0	0	0	0	0	0	0	0	0	0	0	0	0	0	0	0	0	0	0	0	0	0	0	0	0	0	0	0	0	0	
11/03/2022 17:18:06	0	0	8	14.99	15	0	3420	284	4.025	4.026	19.8	0	False	-4.253334	-4.25	-4.241667	4.25	0.4394	0.3331	4.06	4.071	-1	-0.034	4.025	0	0	0	0	0	0	0	0	0	0	0	0	0	0	0	19.8	0	0	0	0	0	0	0	0	0	0	0	0	0	0	0	0	0	0	0	0	0	0	0	0	0	0	0	0	0	0	0	0	0	0	
11/03/2022 17:18:16	0	0	8	14.99	15	0	3426	296	4.024	4.0243	19.8	0	False	-4.248333	-4.241667	-4.241667	4.25	0.4394	0.3472	4.06	4.071	-1	-0.034	4.024	0	0	0	0	0	0	0	0	0	0	0	0	0	0	0	19.8	0	0	0	0	0	0	0	0	0	0	0	0	0	0	0	0	0	0	0	0	0	0	0	0	0	0	0	0	0	0	0	0	0	0	
11/03/2022 17:18:26	0	0	8	14.99	15	0	3416	306	4.023	4.0232	19.8	0	False	-4.246666	-4.251667	-4.253334	4.25	0.4394	0.359	4.06	4.066	-1	-0.023	4.023	0	0	0	0	0	0	0	0	0	0	0	0	0	0	0	19.8	0	0	0	0	0	0	0	0	0	0	0	0	0	0	0	0	0	0	0	0	0	0	0	0	0	0	0	0	0	0	0	0	0	0	
11/03/2022 17:18:36	0	0	8	14.99	15	0	3422	315	4.021	4.0219	19.8	0	False	-4.245	-4.245	-4.236667	4.25	0.4394	0.3708	4.06	4.06	-1	-0.046	4.021	0	0	0	0	0	0	0	0	0	0	0	0	0	0	0	19.8	0	0	0	0	0	0	0	0	0	0	0	0	0	0	0	0	0	0	0	0	0	0	0	0	0	0	0	0	0	0	0	0	0	0	
11/03/2022 17:18:46	0	0	8	14.99	15	0	3424	325	4.02	4.0207	19.8	0	False	-4.243333	-4.246666	-4.241667	4.25	0.4394	0.3814	4.06	4.06	-1	-0.046	4.02	0	0	0	0	0	0	0	0	0	0	0	0	0	0	0	19.8	0	0	0	0	0	0	0	0	0	0	0	0	0	0	0	0	0	0	0	0	0	0	0	0	0	0	0	0	0	0	0	0	0	0	
11/03/2022 17:18:56	0	0	8	14.99	15	0	3418	335	4.019	4.0197	19.8	0	False	-4.243333	-4.248333	-4.241667	4.25	0.4394	0.3932	4.06	4.06	-1	-0.034	4.019	0	0	0	0	0	0	0	0	0	0	0	0	0	0	0	19.8	0	0	0	0	0	0	0	0	0	0	0	0	0	0	0	0	0	0	0	0	0	0	0	0	0	0	0	0	0	0	0	0	0	0	
11/03/2022 17:19:06	0	0	8	14.99	15	0	3424	345	4.018	4.0185	19.8	0	False	-4.245	-4.246666	-4.241667	4.25	0.4394	0.405	4.06	4.06	-1	-0.046	4.018	0	0	0	0	0	0	0	0	0	0	0	0	0	0	0	19.8	0	0	0	0	0	0	0	0	0	0	0	0	0	0	0	0	0	0	0	0	0	0	0	0	0	0	0	0	0	0	0	0	0	0	
11/03/2022 17:19:16	0	0	8	14.99	15	0	3420	355	4.017	4.0172	19.8	0	False	-4.248333	-4.246666	-4.253334	4.25	0.4394	0.4168	4.06	4.06	-1	-0.034	4.017	0	0	0	0	0	0	0	0	0	0	0	0	0	0	0	19.8	0	0	0	0	0	0	0	0	0	0	0	0	0	0	0	0	0	0	0	0	0	0	0	0	0	0	0	0	0	0	0	0	0	0	
11/03/2022 17:19:26	0	0	8	14.99	15	0	3420	365	4.015	4.0159	19.8	0	False	-4.246666	-4.251667	-4.241667	4.25	0.4394	0.4286	4.048	4.06	-1	-0.034	4.015	0	0	0	0	0	0	0	0	0	0	0	0	0	0	0	19.8	0	0	0	0	0	0	0	0	0	0	0	0	0	0	0	0	0	0	0	0	0	0	0	0	0	0	0	0	0	0	0	0	0	0	
11/03/2022 17:19:36	0	0	8	14.99	15	0	3416	375	4.014	4.0147	19.8	0	False	-4.25	-4.248333	-4.241667	4.25	0.4394	0.4404	4.06	4.06	-1	-0.034	4.014	0	0	0	0	0	0	0	0	0	0	0	0	0	0	0	19.8	0	0	0	0	0	0	0	0	0	0	0	0	0	0	0	0	0	0	0	0	0	0	0	0	0	0	0	0	0	0	0	0	0	0	
11/03/2022 17:19:46	0	0	8	14.99	15	0	3422	385	4.013	4.0135	19.8	0	False	-4.243333	-4.246666	-4.231667	4.25	0.4394	0.4522	4.048	4.06	-1	-0.046	4.013	0	0	0	0	0	0	0	0	0	0	0	0	0	0	0	19.8	0	0	0	0	0	0	0	0	0	0	0	0	0	0	0	0	0	0	0	0	0	0	0	0	0	0	0	0	0	0	0	0	0	0	
11/03/2022 17:19:56	0	0	8	14.98	15	0	3424	395	4.012	4.0122	19.8	0	False	-4.245	-4.245	-4.276667	4.25	0.4394	0.464	4.048	4.058	-1	-0.034	4.012	0	0	0	0	0	0	0	0	0	0	0	0	0	0	0	19.8	0	0	0	0	0	0	0	0	0	0	0	0	0	0	0	0	0	0	0	0	0	0	0	0	0	0	0	0	0	0	0	0	0	0	
11/03/2022 17:20:06	0	0	8	14.98	15	0	3410	405	4.01	4.011	19.8	0	False	-4.246666	-4.25	-4.253334	4.25	0.4394	0.4758	4.048	4.048	-1	-0.034	4.01	0	0	0	0	0	0	0	0	0	0	0	0	0	0	0	19.8	0	0	0	0	0	0	0	0	0	0	0	0	0	0	0	0	0	0	0	0	0	0	0	0	0	0	0	0	0	0	0	0	0	0	
11/03/2022 17:20:16	0	0	8	14.98	15	0	3420	415	4.009	4.0097	19.8	0	False	-4.248333	-4.24	-4.231667	4.25	0.4394	0.4876	4.048	4.048	-1	-0.046	4.009	0	0	0	0	0	0	0	0	0	0	0	0	0	0	0	19.8	0	0	0	0	0	0	0	0	0	0	0	0	0	0	0	0	0	0	0	0	0	0	0	0	0	0	0	0	0	0	0	0	0	0	
11/03/2022 17:20:26	0	0	8	14.98	15	0	3418	425	4.008	4.0085	19.8	0	False	-4.245	-4.246666	-4.236667	4.25	0.4394	0.4994	4.048	4.048	-1	-0.046	4.008	0	0	0	0	0	0	0	0	0	0	0	0	0	0	0	19.8	0	0	0	0	0	0	0	0	0	0	0	0	0	0	0	0	0	0	0	0	0	0	0	0	0	0	0	0	0	0	0	0	0	0	
11/03/2022 17:20:36	0	0	8	14.99	15	0	3416	435	4.007	4.0074	19.8	0	False	-4.25	-4.243333	-4.258333	4.25	0.4394	0.5112	4.048	4.048	-1	-0.046	4.007	0	0	0	0	0	0	0	0	0	0	0	0	0	0	0	19.8	0	0	0	0	0	0	0	0	0	0	0	0	0	0	0	0	0	0	0	0	0	0	0	0	0	0	0	0	0	0	0	0	0	0	
11/03/2022 17:20:46	0	0	8	14.99	15	0	3418	445	4.006	4.0064	19.8	0	False	-4.246666	-4.241667	-4.241667	4.25	0.4394	0.523	4.037	4.048	-1	-0.034	4.006	0	0	0	0	0	0	0	0	0	0	0	0	0	0	0	19.8	0	0	0	0	0	0	0	0	0	0	0	0	0	0	0	0	0	0	0	0	0	0	0	0	0	0	0	0	0	0	0	0	0	0	
11/03/2022 17:20:56	0	0	8	14.99	15	0	3416	455	4.004	4.0047	19.8	0	False	-4.246666	-4.243333	-4.253334	4.25	0.4394	0.5348	4.048	4.048	-1	-0.046	4.004	0	0	0	0	0	0	0	0	0	0	0	0	0	0	0	19.8	0	0	0	0	0	0	0	0	0	0	0	0	0	0	0	0	0	0	0	0	0	0	0	0	0	0	0	0	0	0	0	0	0	0	
11/03/2022 17:21:06	0	0	8	14.99	15	0	3412	465	4.003	4.0035	19.8	0	False	-4.248333	-4.246666	-4.253334	4.25	0.4394	0.5466	4.037	4.048	-1	-0.046	4.003	0	0	0	0	0	0	0	0	0	0	0	0	0	0	0	19.8	0	0	0	0	0	0	0	0	0	0	0	0	0	0	0	0	0	0	0	0	0	0	0	0	0	0	0	0	0	0	0	0	0	0	
11/03/2022 17:21:16	0	0	8	14.99	15	0	3412	475	4.002	4.0022	19.8	0	False	-4.251667	-4.251667	-4.236667	4.25	0.4394	0.5584	4.037	4.048	-1	-0.034	4.002	0	0	0	0	0	0	0	0	0	0	0	0	0	0	0	19.8	0	0	0	0	0	0	0	0	0	0	0	0	0	0	0	0	0	0	0	0	0	0	0	0	0	0	0	0	0	0	0	0	0	0	
11/03/2022 17:21:26	0	0	8	14.99	15	0	3412	485	4	4.001	19.8	0	False	-4.246666	-4.248333	-4.235	4.25	0.4394	0.5702	4.048	4.046	-1	-0.034	4	0	0	0	0	0	0	0	0	0	0	0	0	0	0	0	19.8	0	0	0	0	0	0	0	0	0	0	0	0	0	0	0	0	0	0	0	0	0	0	0	0	0	0	0	0	0	0	0	0	0	0	
11/03/2022 17:21:36	0	0	8	14.98	15	0	3414	495	3.999	3.9997	19.8	0	False	-4.246666	-4.246666	-4.231667	4.25	0.4394	0.582	4.037	4.037	-1	-0.034	3.999	0	0	0	0	0	0	0	0	0	0	0	0	0	0	0	19.8	0	0	0	0	0	0	0	0	0	0	0	0	0	0	0	0	0	0	0	0	0	0	0	0	0	0	0	0	0	0	0	0	0	0	
11/03/2022 17:21:46	0	0	8	14.98	15	0	3416	504	3.998	3.9985	19.8	0	False	-4.246666	-4.245	-4.236667	4.25	0.4394	0.5926	4.025	4.037	-1	-0.034	3.998	0	0	0	0	0	0	0	0	0	0	0	0	0	0	0	19.8	0	0	0	0	0	0	0	0	0	0	0	0	0	0	0	0	0	0	0	0	0	0	0	0	0	0	0	0	0	0	0	0	0	0	
11/03/2022 17:21:56	0	0	8	14.98	15	0	3410	514	3.995	3.996	19.8	0	False	-4.248333	-4.248333	-4.258333	4.25	0.4394	0.6044	4.037	4.037	-1	-0.046	3.995	0	0	0	0	0	0	0	0	0	0	0	0	0	0	0	19.8	0	0	0	0	0	0	0	0	0	0	0	0	0	0	0	0	0	0	0	0	0	0	0	0	0	0	0	0	0	0	0	0	0	0	
11/03/2022 17:22:06	0	0	8	14.99	15	0	3412	524	3.994	3.9947	19.8	0	False	-4.246666	-4.251667	-4.263333	4.25	0.4394	0.6162	4.025	4.037	-1	-0.046	3.994	0	0	0	0	0	0	0	0	0	0	0	0	0	0	0	19.8	0	0	0	0	0	0	0	0	0	0	0	0	0	0	0	0	0	0	0	0	0	0	0	0	0	0	0	0	0	0	0	0	0	0	
11/03/2022 17:22:16	0	0	8	14.99	15	0	3410	534	3.993	3.9933	19.8	0	False	-4.25	-4.25	-4.258333	4.25	0.4394	0.628	4.025	4.037	-1	-0.034	3.993	0	0	0	0	0	0	0	0	0	0	0	0	0	0	0	19.8	0	0	0	0	0	0	0	0	0	0	0	0	0	0	0	0	0	0	0	0	0	0	0	0	0	0	0	0	0	0	0	0	0	0	
11/03/2022 17:22:26	0	0	8	14.98	15	0	3416	544	3.99	3.991	19.8	0	False	-4.245	-4.243333	-4.236667	4.25	0.4394	0.6398	4.025	4.036	-1	-0.034	3.99	0	0	0	0	0	0	0	0	0	0	0	0	0	0	0	19.8	0	0	0	0	0	0	0	0	0	0	0	0	0	0	0	0	0	0	0	0	0	0	0	0	0	0	0	0	0	0	0	0	0	0	
11/03/2022 17:22:36	0	0	8	14.99	15	0	3418	554	3.989	3.9894	19.8	0	False	-4.246666	-4.238333	-4.236667	4.25	0.4394	0.6516	4.025	4.025	-1	-0.034	3.989	0	0	0	0	0	0	0	0	0	0	0	0	0	0	0	19.8	0	0	0	0	0	0	0	0	0	0	0	0	0	0	0	0	0	0	0	0	0	0	0	0	0	0	0	0	0	0	0	0	0	0	
11/03/2022 17:22:46	0	0	8	14.99	15	0	3420	564	3.987	3.9872	19.8	0	False	-4.246666	-4.241667	-4.236667	4.25	0.4394	0.6634	4.014	4.025	-1	-0.046	3.987	0	0	0	0	0	0	0	0	0	0	0	0	0	0	0	19.8	0	0	0	0	0	0	0	0	0	0	0	0	0	0	0	0	0	0	0	0	0	0	0	0	0	0	0	0	0	0	0	0	0	0	
11/03/2022 17:22:56	0	0	8	14.99	15	0	3410	574	3.984	3.9847	19.8	0	False	-4.246666	-4.251667	-4.22	4.25	0.4394	0.6752	4.014	4.025	-1	-0.046	3.984	0	0	0	0	0	0	0	0	0	0	0	0	0	0	0	19.8	0	0	0	0	0	0	0	0	0	0	0	0	0	0	0	0	0	0	0	0	0	0	0	0	0	0	0	0	0	0	0	0	0	0	
11/03/2022 17:23:06	0	0	8	14.99	15	0	3408	584	3.982	3.9831	19.8	0	False	-4.25	-4.251667	-4.22	4.25	0.4394	0.6869	4.014	4.025	-1	-0.034	3.982	0	0	0	0	0	0	0	0	0	0	0	0	0	0	0	19.8	0	0	0	0	0	0	0	0	0	0	0	0	0	0	0	0	0	0	0	0	0	0	0	0	0	0	0	0	0	0	0	0	0	0	
11/03/2022 17:23:16	0	0	8	14.99	15	0	3422	594	3.98	3.9809	19.8	0	False	-4.248333	-4.241667	-4.241667	4.25	0.4394	0.6988	4.014	4.025	-1	-0.034	3.98	0	0	0	0	0	0	0	0	0	0	0	0	0	0	0	19.8	0	0	0	0	0	0	0	0	0	0	0	0	0	0	0	0	0	0	0	0	0	0	0	0	0	0	0	0	0	0	0	0	0	0	
11/03/2022 17:23:26	0	0	8	14.99	15	0	3416	604	3.978	3.9785	19.8	0	False	-4.245	-4.243333	-4.258333	4.25	0.4394	0.7106	4.002	4.014	-1	-0.034	3.978	0	0	0	0	0	0	0	0	0	0	0	0	0	0	0	19.8	0	0	0	0	0	0	0	0	0	0	0	0	0	0	0	0	0	0	0	0	0	0	0	0	0	0	0	0	0	0	0	0	0	0	
11/03/2022 17:23:36	0	0	8	14.99	15	0	3418	614	3.975	3.9759	19.8	0	False	-4.245	-4.24	-4.231667	4.25	0.4394	0.7224	4.014	4.014	-1	-0.034	3.975	0	0	0	0	0	0	0	0	0	0	0	0	0	0	0	19.8	0	0	0	0	0	0	0	0	0	0	0	0	0	0	0	0	0	0	0	0	0	0	0	0	0	0	0	0	0	0	0	0	0	0	
11/03/2022 17:23:46	0	0	8	14.99	15	0	3420	624	3.973	3.9733	19.8	0	False	-4.248333	-4.243333	-4.236667	4.25	0.4394	0.7342	4.002	4.014	-1	-0.046	3.973	0	0	0	0	0	0	0	0	0	0	0	0	0	0	0	19.8	0	0	0	0	0	0	0	0	0	0	0	0	0	0	0	0	0	0	0	0	0	0	0	0	0	0	0	0	0	0	0	0	0	0	
11/03/2022 17:23:56	0	0	8	14.98	15	0	3418	634	3.97	3.9704	19.8	0	False	-4.246666	-4.241667	-4.241667	4.25	0.4394	0.746	4.002	4.014	-1	-0.034	3.97	0	0	0	0	0	0	0	0	0	0	0	0	0	0	0	19.8	0	0	0	0	0	0	0	0	0	0	0	0	0	0	0	0	0	0	0	0	0	0	0	0	0	0	0	0	0	0	0	0	0	0	
11/03/2022 17:24:06	0	0	8	14.99	15	0	3412	644	3.967	3.9672	19.8	0	False	-4.246666	-4.248333	-4.253334	4.25	0.4394	0.7578	4.002	4.007	-1	-0.023	3.967	0	0	0	0	0	0	0	0	0	0	0	0	0	0	0	19.8	0	0	0	0	0	0	0	0	0	0	0	0	0	0	0	0	0	0	0	0	0	0	0	0	0	0	0	0	0	0	0	0	0	0	
11/03/2022 17:24:16	0	0	8	14.99	15	0	3414	654	3.964	3.9647	19.8	0	False	-4.246666	-4.245	-4.241667	4.25	0.4394	0.7696	4.002	4.002	-1	-0.046	3.964	0	0	0	0	0	0	0	0	0	0	0	0	0	0	0	19.8	0	0	0	0	0	0	0	0	0	0	0	0	0	0	0	0	0	0	0	0	0	0	0	0	0	0	0	0	0	0	0	0	0	0	
11/03/2022 17:24:26	0	0	8	14.98	15	0	3412	664	3.961	3.9619	19.8	0	False	-4.25	-4.25	-4.241667	4.25	0.4394	0.7814	3.991	4.002	-1	-0.034	3.961	0	0	0	0	0	0	0	0	0	0	0	0	0	0	0	19.8	0	0	0	0	0	0	0	0	0	0	0	0	0	0	0	0	0	0	0	0	0	0	0	0	0	0	0	0	0	0	0	0	0	0	
11/03/2022 17:24:36	0	0	8	14.99	15	0	3406	674	3.958	3.9585	19.8	0	False	-4.246666	-4.253334	-4.258333	4.25	0.4394	0.7932	3.991	4.001	-1	-0.034	3.958	0	0	0	0	0	0	0	0	0	0	0	0	0	0	0	19.8	0	0	0	0	0	0	0	0	0	0	0	0	0	0	0	0	0	0	0	0	0	0	0	0	0	0	0	0	0	0	0	0	0	0	
11/03/2022 17:24:46	0	0	8	14.99	15	0	3408	684	3.954	3.9547	19.8	0	False	-4.248333	-4.253334	-4.236667	4.25	0.4394	0.805	3.991	3.994	-1	-0.034	3.954	0	0	0	0	0	0	0	0	0	0	0	0	0	0	0	19.8	0	0	0	0	0	0	0	0	0	0	0	0	0	0	0	0	0	0	0	0	0	0	0	0	0	0	0	0	0	0	0	0	0	0	
11/03/2022 17:24:56	0	0	8	14.98	15	0	3414	694	3.952	3.9522	19.8	0	False	-4.246666	-4.248333	-4.215	4.25	0.4394	0.8168	3.979	3.991	-1	-0.046	3.952	0	0	0	0	0	0	0	0	0	0	0	0	0	0	0	19.8	0	0	0	0	0	0	0	0	0	0	0	0	0	0	0	0	0	0	0	0	0	0	0	0	0	0	0	0	0	0	0	0	0	0	
11/03/2022 17:25:06	0	0	8	14.99	15	0	3416	703	3.948	3.9485	19.8	0	False	-4.246666	-4.243333	-4.253334	4.25	0.4394	0.8274	3.991	3.991	-1	-0.034	3.948	0	0	0	0	0	0	0	0	0	0	0	0	0	0	0	19.8	0	0	0	0	0	0	0	0	0	0	0	0	0	0	0	0	0	0	0	0	0	0	0	0	0	0	0	0	0	0	0	0	0	0	
11/03/2022 17:25:16	0	0	8	14.98	15	0	3418	713	3.944	3.9447	19.8	0	False	-4.248333	-4.245	-4.241667	4.25	0.4394	0.8392	3.968	3.98	-1	-0.034	3.944	0	0	0	0	0	0	0	0	0	0	0	0	0	0	0	19.8	0	0	0	0	0	0	0	0	0	0	0	0	0	0	0	0	0	0	0	0	0	0	0	0	0	0	0	0	0	0	0	0	0	0	
11/03/2022 17:25:26	0	0	8	14.99	15	0	3420	723	3.94	3.9407	19.8	0	False	-4.245	-4.243333	-4.236667	4.25	0.4394	0.851	3.979	3.979	-1	-0.046	3.94	0	0	0	0	0	0	0	0	0	0	0	0	0	0	0	19.8	0	0	0	0	0	0	0	0	0	0	0	0	0	0	0	0	0	0	0	0	0	0	0	0	0	0	0	0	0	0	0	0	0	0	
11/03/2022 17:25:36	0	0	8	14.99	15	0	3418	733	3.937	3.9372	19.8	0	False	-4.25	-4.25	-4.231667	4.25	0.4394	0.8628	3.968	3.979	-1	-0.034	3.937	0	0	0	0	0	0	0	0	0	0	0	0	0	0	0	19.8	0	0	0	0	0	0	0	0	0	0	0	0	0	0	0	0	0	0	0	0	0	0	0	0	0	0	0	0	0	0	0	0	0	0	
11/03/2022 17:25:46	0	0	8	14.99	15	0	3412	741	3.933	3.9341	19.8	0	False	-4.248333	-4.245	-4.22	4.25	0.4394	0.8723	3.968	3.977	-1	-0.034	3.933	0	0	0	0	0	0	0	0	0	0	0	0	0	0	0	19.8	0	0	0	0	0	0	0	0	0	0	0	0	0	0	0	0	0	0	0	0	0	0	0	0	0	0	0	0	0	0	0	0	0	0	
11/03/2022 17:25:56	0	0	8	14.98	15	0	3414	753	3.929	3.9296	19.8	0	False	-4.25	-4.25	-4.231667	4.25	0.4394	0.8864	3.968	3.968	-1	-0.046	3.929	0	0	0	0	0	0	0	0	0	0	0	0	0	0	0	19.8	0	0	0	0	0	0	0	0	0	0	0	0	0	0	0	0	0	0	0	0	0	0	0	0	0	0	0	0	0	0	0	0	0	0	
11/03/2022 17:26:06	0	0	8	14.99	15	0	3420	763	3.925	3.926	19.8	0	False	-4.246666	-4.24	-4.22	4.25	0.4394	0.8982	3.968	3.968	-1	-0.034	3.925	0	0	0	0	0	0	0	0	0	0	0	0	0	0	0	19.8	0	0	0	0	0	0	0	0	0	0	0	0	0	0	0	0	0	0	0	0	0	0	0	0	0	0	0	0	0	0	0	0	0	0	
11/03/2022 17:26:16	0	0	8	14.98	15	0	3406	773	3.922	3.9226	19.8	0	False	-4.246666	-4.255	-4.246666	4.25	0.4394	0.91	3.956	3.966	-1	-0.034	3.922	0	0	0	0	0	0	0	0	0	0	0	0	0	0	0	19.8	0	0	0	0	0	0	0	0	0	0	0	0	0	0	0	0	0	0	0	0	0	0	0	0	0	0	0	0	0	0	0	0	0	0	
11/03/2022 17:26:26	0	0	8	14.98	15	0	3420	783	3.919	3.9196	19.8	0	False	-4.248333	-4.248333	-4.236667	4.25	0.4394	0.9218	3.945	3.956	-1	-0.034	3.919	0	0	0	0	0	0	0	0	0	0	0	0	0	0	0	19.8	0	0	0	0	0	0	0	0	0	0	0	0	0	0	0	0	0	0	0	0	0	0	0	0	0	0	0	0	0	0	0	0	0	0	
11/03/2022 17:26:36	0	0	8	14.98	15	0	3410	793	3.915	3.9157	19.8	0	False	-4.251667	-4.251667	-4.253334	4.25	0.4394	0.9336	3.956	3.956	-1	-0.034	3.915	0	0	0	0	0	0	0	0	0	0	0	0	0	0	0	19.8	0	0	0	0	0	0	0	0	0	0	0	0	0	0	0	0	0	0	0	0	0	0	0	0	0	0	0	0	0	0	0	0	0	0	
11/03/2022 17:26:46	0	0	8	14.98	15	0	3414	803	3.911	3.9121	19.8	0	False	-4.245	-4.241667	-4.253334	4.25	0.4394	0.9454	3.945	3.956	-1	-0.034	3.911	0	0	0	0	0	0	0	0	0	0	0	0	0	0	0	19.8	0	0	0	0	0	0	0	0	0	0	0	0	0	0	0	0	0	0	0	0	0	0	0	0	0	0	0	0	0	0	0	0	0	0	
11/03/2022 17:26:56	0	0	8	14.98	15	0	3426	813	3.908	3.9085	19.8	0	False	-4.246666	-4.241667	-4.241667	4.25	0.4394	0.9572	3.945	3.945	-1	-0.034	3.908	0	0	0	0	0	0	0	0	0	0	0	0	0	0	0	19.8	0	0	0	0	0	0	0	0	0	0	0	0	0	0	0	0	0	0	0	0	0	0	0	0	0	0	0	0	0	0	0	0	0	0	
11/03/2022 17:27:06	0	0	8	14.98	15	0	3414	823	3.904	3.9047	19.8	0	False	-4.251667	-4.25	-4.241667	4.25	0.4394	0.969	3.945	3.945	-1	-0.034	3.904	0	0	0	0	0	0	0	0	0	0	0	0	0	0	0	19.8	0	0	0	0	0	0	0	0	0	0	0	0	0	0	0	0	0	0	0	0	0	0	0	0	0	0	0	0	0	0	0	0	0	0	
11/03/2022 17:27:16	0	0	8	14.98	15	0	3420	833	3.901	3.9014	19.8	0	False	-4.248333	-4.243333	-4.265	4.25	0.4394	0.9809	3.933	3.942	-1	-0.034	3.901	0	0	0	0	0	0	0	0	0	0	0	0	0	0	0	19.8	0	0	0	0	0	0	0	0	0	0	0	0	0	0	0	0	0	0	0	0	0	0	0	0	0	0	0	0	0	0	0	0	0	0	
11/03/2022 17:27:26	0	0	8	14.98	15	0	3414	843	3.898	3.8982	19.8	0	False	-4.251667	-4.246666	-4.22	4.25	0.4394	0.9926	3.922	3.933	-1	-0.023	3.898	0	0	0	0	0	0	0	0	0	0	0	0	0	0	0	19.8	0	0	0	0	0	0	0	0	0	0	0	0	0	0	0	0	0	0	0	0	0	0	0	0	0	0	0	0	0	0	0	0	0	0	
11/03/2022 17:27:36	0	0	8	14.98	15	0	3420	853	3.894	3.8946	19.8	0	False	-4.246666	-4.241667	-4.231667	4.25	0.4394	1.0044	3.933	3.933	-1	-0.046	3.894	0	0	0	0	0	0	0	0	0	0	0	0	0	0	0	19.8	0	0	0	0	0	0	0	0	0	0	0	0	0	0	0	0	0	0	0	0	0	0	0	0	0	0	0	0	0	0	0	0	0	0	
11/03/2022 17:27:46	0	0	8	14.98	15	0	3418	863	3.89	3.8909	19.8	0	False	-4.25	-4.245	-4.236667	4.25	0.4394	1.0162	3.922	3.933	-1	-0.034	3.89	0	0	0	0	0	0	0	0	0	0	0	0	0	0	0	19.8	0	0	0	0	0	0	0	0	0	0	0	0	0	0	0	0	0	0	0	0	0	0	0	0	0	0	0	0	0	0	0	0	0	0	
11/03/2022 17:27:56	0	0	8	14.98	15	0	3416	873	3.888	3.8883	19.8	0	False	-4.248333	-4.246666	-4.246666	4.25	0.4394	1.028	3.922	3.922	-1	-0.034	3.888	0	0	0	0	0	0	0	0	0	0	0	0	0	0	0	19.8	0	0	0	0	0	0	0	0	0	0	0	0	0	0	0	0	0	0	0	0	0	0	0	0	0	0	0	0	0	0	0	0	0	0	
11/03/2022 17:28:06	0	0	8	14.99	15	0	3410	883	3.884	3.8847	19.8	0	False	-4.25	-4.253334	-4.253334	4.25	0.4394	1.0398	3.922	3.922	-1	-0.046	3.884	0	0	0	0	0	0	0	0	0	0	0	0	0	0	0	19.8	0	0	0	0	0	0	0	0	0	0	0	0	0	0	0	0	0	0	0	0	0	0	0	0	0	0	0	0	0	0	0	0	0	0	
11/03/2022 17:28:16	0	0	8	14.98	15	0	3416	893	3.881	3.8817	19.8	0	False	-4.246666	-4.246666	-4.253334	4.25	0.4394	1.0516	3.922	3.922	-1	-0.034	3.881	0	0	0	0	0	0	0	0	0	0	0	0	0	0	0	19.8	0	0	0	0	0	0	0	0	0	0	0	0	0	0	0	0	0	0	0	0	0	0	0	0	0	0	0	0	0	0	0	0	0	0	
11/03/2022 17:28:26	0	0	8	14.98	15	0	3414	902	3.878	3.8784	19.8	0	False	-4.246666	-4.248333	-4.22	4.25	0.4394	1.0634	3.91	3.92	-1	-0.023	3.878	0	0	0	0	0	0	0	0	0	0	0	0	0	0	0	19.8	0	0	0	0	0	0	0	0	0	0	0	0	0	0	0	0	0	0	0	0	0	0	0	0	0	0	0	0	0	0	0	0	0	0	
11/03/2022 17:28:36	0	0	8	14.98	15	0	3416	912	3.875	3.8756	19.8	0	False	-4.245	-4.246666	-4.241667	4.25	0.4394	1.074	3.899	3.91	-1	-0.034	3.875	0	0	0	0	0	0	0	0	0	0	0	0	0	0	0	19.8	0	0	0	0	0	0	0	0	0	0	0	0	0	0	0	0	0	0	0	0	0	0	0	0	0	0	0	0	0	0	0	0	0	0	
11/03/2022 17:28:46	0	0	8	14.99	15	0	3410	922	3.872	3.8722	19.8	0	False	-4.246666	-4.253334	-4.253334	4.25	0.4394	1.0858	3.91	3.91	-1	-0.034	3.872	0	0	0	0	0	0	0	0	0	0	0	0	0	0	0	19.8	0	0	0	0	0	0	0	0	0	0	0	0	0	0	0	0	0	0	0	0	0	0	0	0	0	0	0	0	0	0	0	0	0	0	
11/03/2022 17:28:56	0	0	8	14.98	15	0	3424	932	3.869	3.8697	19.8	0	False	-4.246666	-4.24	-4.236667	4.25	0.4394	1.0976	3.899	3.91	-1	-0.046	3.869	0	0	0	0	0	0	0	0	0	0	0	0	0	0	0	19.8	0	0	0	0	0	0	0	0	0	0	0	0	0	0	0	0	0	0	0	0	0	0	0	0	0	0	0	0	0	0	0	0	0	0	
11/03/2022 17:29:06	0	0	8	14.99	15	0	3414	942	3.866	3.867	19.8	0	False	-4.25	-4.246666	-4.241667	4.25	0.4394	1.1094	3.899	3.907	-1	-0.034	3.866	0	0	0	0	0	0	0	0	0	0	0	0	0	0	0	19.8	0	0	0	0	0	0	0	0	0	0	0	0	0	0	0	0	0	0	0	0	0	0	0	0	0	0	0	0	0	0	0	0	0	0	
11/03/2022 17:29:16	0	0	8	14.98	15	0	3408	952	3.863	3.8634	19.8	0	False	-4.245	-4.25	-4.231667	4.25	0.4394	1.1212	3.899	3.899	-1	-0.034	3.863	0	0	0	0	0	0	0	0	0	0	0	0	0	0	0	19.8	0	0	0	0	0	0	0	0	0	0	0	0	0	0	0	0	0	0	0	0	0	0	0	0	0	0	0	0	0	0	0	0	0	0	
11/03/2022 17:29:26	0	0	8	14.98	15	0	3414	962	3.86	3.8609	19.8	0	False	-4.246666	-4.25	-4.265	4.25	0.4394	1.133	3.899	3.899	-1	-0.034	3.86	0	0	0	0	0	0	0	0	0	0	0	0	0	0	0	19.8	0	0	0	0	0	0	0	0	0	0	0	0	0	0	0	0	0	0	0	0	0	0	0	0	0	0	0	0	0	0	0	0	0	0	
11/03/2022 17:29:36	0	0	8	14.98	15	0	3408	972	3.858	3.8584	19.8	0	False	-4.246666	-4.25	-4.253334	4.25	0.4394	1.1448	3.899	3.899	-1	-0.034	3.858	0	0	0	0	0	0	0	0	0	0	0	0	0	0	0	19.8	0	0	0	0	0	0	0	0	0	0	0	0	0	0	0	0	0	0	0	0	0	0	0	0	0	0	0	0	0	0	0	0	0	0	
11/03/2022 17:29:46	0	0	8	14.99	15	0	3426	982	3.855	3.8559	19.8	0	False	-4.246666	-4.246666	-4.28	4.25	0.4394	1.1566	3.888	3.898	-1	-0.034	3.855	0	0	0	0	0	0	0	0	0	0	0	0	0	0	0	19.8	0	0	0	0	0	0	0	0	0	0	0	0	0	0	0	0	0	0	0	0	0	0	0	0	0	0	0	0	0	0	0	0	0	0	
11/03/2022 17:29:56	0	0	8	14.98	15	0	3416	992	3.853	3.8534	19.8	0	False	-4.25	-4.246666	-4.265	4.25	0.4394	1.1684	3.876	3.888	-1	-0.034	3.853	0	0	0	0	0	0	0	0	0	0	0	0	0	0	0	19.8	0	0	0	0	0	0	0	0	0	0	0	0	0	0	0	0	0	0	0	0	0	0	0	0	0	0	0	0	0	0	0	0	0	0	
11/03/2022 17:30:06	0	0	8	14.99	15	0	3414	1002	3.85	3.8509	19.8	0	False	-4.251667	-4.251667	-4.236667	4.25	0.4394	1.1802	3.876	3.888	-1	-0.034	3.85	0	0	0	0	0	0	0	0	0	0	0	0	0	0	0	19.8	0	0	0	0	0	0	0	0	0	0	0	0	0	0	0	0	0	0	0	0	0	0	0	0	0	0	0	0	0	0	0	0	0	0	
11/03/2022 17:30:16	0	0	8	14.98	15	0	3416	1012	3.848	3.8484	19.8	0	False	-4.245	-4.25	-4.265	4.25	0.4394	1.192	3.876	3.888	-1	-0.034	3.848	0	0	0	0	0	0	0	0	0	0	0	0	0	0	0	19.8	0	0	0	0	0	0	0	0	0	0	0	0	0	0	0	0	0	0	0	0	0	0	0	0	0	0	0	0	0	0	0	0	0	0	
11/03/2022 17:30:26	0	0	8	14.98	15	0	3418	1022	3.846	3.8463	19.8	0	False	-4.251667	-4.245	-4.231667	4.25	0.4394	1.2038	3.876	3.888	-1	-0.034	3.846	0	0	0	0	0	0	0	0	0	0	0	0	0	0	0	19.8	0	0	0	0	0	0	0	0	0	0	0	0	0	0	0	0	0	0	0	0	0	0	0	0	0	0	0	0	0	0	0	0	0	0	
11/03/2022 17:30:36	0	0	8	14.99	15	0	3416	1032	3.844	3.8442	19.8	0	False	-4.248333	-4.248333	-4.253334	4.25	0.4394	1.2157	3.876	3.881	-1	-0.034	3.844	0	0	0	0	0	0	0	0	0	0	0	0	0	0	0	19.8	0	0	0	0	0	0	0	0	0	0	0	0	0	0	0	0	0	0	0	0	0	0	0	0	0	0	0	0	0	0	0	0	0	0	
11/03/2022 17:30:46	0	0	8	14.98	15	0	3410	1041	3.842	3.8422	19.8	0	False	-4.25	-4.251667	-4.236667	4.25	0.4394	1.2263	3.865	3.876	-1	-0.034	3.842	0	0	0	0	0	0	0	0	0	0	0	0	0	0	0	19.8	0	0	0	0	0	0	0	0	0	0	0	0	0	0	0	0	0	0	0	0	0	0	0	0	0	0	0	0	0	0	0	0	0	0	
11/03/2022 17:30:56	0	0	8	14.98	15	0	3416	1052	3.839	3.8397	19.8	0	False	-4.248333	-4.246666	-4.198333	4.25	0.4394	1.2392	3.876	3.876	-1	-0.023	3.839	0	0	0	0	0	0	0	0	0	0	0	0	0	0	0	19.8	0	0	0	0	0	0	0	0	0	0	0	0	0	0	0	0	0	0	0	0	0	0	0	0	0	0	0	0	0	0	0	0	0	0	
11/03/2022 17:31:06	0	0	8	14.99	15	0	3420	1062	3.836	3.8372	19.8	0	False	-4.25	-4.25	-4.258333	4.25	0.4394	1.2511	3.865	3.875	-1	-0.046	3.836	0	0	0	0	0	0	0	0	0	0	0	0	0	0	0	19.8	0	0	0	0	0	0	0	0	0	0	0	0	0	0	0	0	0	0	0	0	0	0	0	0	0	0	0	0	0	0	0	0	0	0	
11/03/2022 17:31:16	0	0	8	14.99	15	0	3408	1072	3.834	3.8347	19.8	0	False	-4.246666	-4.248333	-4.253334	4.25	0.4394	1.2629	3.865	3.876	-1	-0.034	3.834	0	0	0	0	0	0	0	0	0	0	0	0	0	0	0	19.8	0	0	0	0	0	0	0	0	0	0	0	0	0	0	0	0	0	0	0	0	0	0	0	0	0	0	0	0	0	0	0	0	0	0	
11/03/2022 17:31:26	0	0	8	14.98	15	0	3416	1082	3.833	3.8332	19.8	0	False	-4.246666	-4.243333	-4.236667	4.25	0.4394	1.2747	3.865	3.874	-1	-0.034	3.833	0	0	0	0	0	0	0	0	0	0	0	0	0	0	0	19.8	0	0	0	0	0	0	0	0	0	0	0	0	0	0	0	0	0	0	0	0	0	0	0	0	0	0	0	0	0	0	0	0	0	0	
11/03/2022 17:31:36	0	0	8	14.99	15	0	3430	1092	3.83	3.8309	19.8	0	False	-4.246666	-4.248333	-4.258333	4.25	0.4394	1.2865	3.865	3.865	-1	-0.034	3.83	0	0	0	0	0	0	0	0	0	0	0	0	0	0	0	19.8	0	0	0	0	0	0	0	0	0	0	0	0	0	0	0	0	0	0	0	0	0	0	0	0	0	0	0	0	0	0	0	0	0	0	
11/03/2022 17:31:46	0	0	8	14.98	15	0	3424	1102	3.828	3.8284	19.8	0	False	-4.248333	-4.243333	-4.241667	4.25	0.4394	1.2982	3.853	3.865	-1	-0.023	3.828	0	0	0	0	0	0	0	0	0	0	0	0	0	0	0	19.8	0	0	0	0	0	0	0	0	0	0	0	0	0	0	0	0	0	0	0	0	0	0	0	0	0	0	0	0	0	0	0	0	0	0	
11/03/2022 17:31:56	0	0	8	14.98	15	0	3414	1111	3.826	3.8265	19.8	0	False	-4.25	-4.251667	-4.241667	4.25	0.4394	1.3088	3.853	3.865	-1	-0.034	3.826	0	0	0	0	0	0	0	0	0	0	0	0	0	0	0	19.8	0	0	0	0	0	0	0	0	0	0	0	0	0	0	0	0	0	0	0	0	0	0	0	0	0	0	0	0	0	0	0	0	0	0	
11/03/2022 17:32:06	0	0	8	14.98	15	0	3408	1121	3.824	3.8247	19.8	0	False	-4.246666	-4.258333	-4.258333	4.25	0.4394	1.3206	3.853	3.865	-1	-0.034	3.824	0	0	0	0	0	0	0	0	0	0	0	0	0	0	0	19.8	0	0	0	0	0	0	0	0	0	0	0	0	0	0	0	0	0	0	0	0	0	0	0	0	0	0	0	0	0	0	0	0	0	0	
11/03/2022 17:32:16	0	0	8	14.99	15	0	3422	1131	3.821	3.8222	19.8	0	False	-4.245	-4.24	-4.235	4.25	0.4394	1.3324	3.842	3.862	-1	-0.034	3.821	0	0	0	0	0	0	0	0	0	0	0	0	0	0	0	19.8	0	0	0	0	0	0	0	0	0	0	0	0	0	0	0	0	0	0	0	0	0	0	0	0	0	0	0	0	0	0	0	0	0	0	
11/03/2022 17:32:26	0	0	8	14.98	15	0	3420	1141	3.819	3.8199	19.8	0	False	-4.246666	-4.241667	-4.241667	4.25	0.4394	1.3442	3.853	3.853	-1	-0.034	3.819	0	0	0	0	0	0	0	0	0	0	0	0	0	0	0	19.8	0	0	0	0	0	0	0	0	0	0	0	0	0	0	0	0	0	0	0	0	0	0	0	0	0	0	0	0	0	0	0	0	0	0	
11/03/2022 17:32:36	0	0	8	14.98	15	0	3414	1151	3.818	3.8184	19.8	0	False	-4.251667	-4.253334	-4.231667	4.25	0.4394	1.356	3.853	3.853	-1	-0.034	3.818	0	0	0	0	0	0	0	0	0	0	0	0	0	0	0	19.8	0	0	0	0	0	0	0	0	0	0	0	0	0	0	0	0	0	0	0	0	0	0	0	0	0	0	0	0	0	0	0	0	0	0	
11/03/2022 17:32:46	0	0	8	14.99	15	0	3420	1161	3.815	3.8159	19.8	0	False	-4.245	-4.245	-4.253334	4.25	0.4394	1.3678	3.842	3.853	-1	-0.046	3.815	0	0	0	0	0	0	0	0	0	0	0	0	0	0	0	19.8	0	0	0	0	0	0	0	0	0	0	0	0	0	0	0	0	0	0	0	0	0	0	0	0	0	0	0	0	0	0	0	0	0	0	
11/03/2022 17:32:56	0	0	8	14.99	15	0	3414	1171	3.813	3.8134	19.8	0	False	-4.246666	-4.25	-4.231667	4.25	0.4394	1.3796	3.842	3.853	-1	-0.034	3.813	0	0	0	0	0	0	0	0	0	0	0	0	0	0	0	19.8	0	0	0	0	0	0	0	0	0	0	0	0	0	0	0	0	0	0	0	0	0	0	0	0	0	0	0	0	0	0	0	0	0	0	
11/03/2022 17:33:06	0	0	8	14.98	15	0	3408	1181	3.811	3.8119	19.8	0	False	-4.245	-4.25	-4.231667	4.25	0.4394	1.3915	3.842	3.852	-1	-0.034	3.811	0	0	0	0	0	0	0	0	0	0	0	0	0	0	0	19.8	0	0	0	0	0	0	0	0	0	0	0	0	0	0	0	0	0	0	0	0	0	0	0	0	0	0	0	0	0	0	0	0	0	0	
11/03/2022 17:33:16	0	0	8	14.98	15	0	3410	1191	3.808	3.8084	19.8	0	False	-4.25	-4.25	-4.231667	4.25	0.4394	1.4033	3.83	3.845	-1	-0.023	3.808	0	0	0	0	0	0	0	0	0	0	0	0	0	0	0	19.8	0	0	0	0	0	0	0	0	0	0	0	0	0	0	0	0	0	0	0	0	0	0	0	0	0	0	0	0	0	0	0	0	0	0	
11/03/2022 17:33:26	0	0	8	14.98	15	0	3420	1201	3.805	3.8059	19.8	0	False	-4.245	-4.248333	-4.253334	4.25	0.4394	1.4151	3.83	3.842	-1	-0.023	3.805	0	0	0	0	0	0	0	0	0	0	0	0	0	0	0	19.8	0	0	0	0	0	0	0	0	0	0	0	0	0	0	0	0	0	0	0	0	0	0	0	0	0	0	0	0	0	0	0	0	0	0	
11/03/2022 17:33:36	0	0	8	14.98	15	0	3418	1211	3.803	3.8041	19.8	0	False	-4.245	-4.245	-4.241667	4.25	0.4394	1.4269	3.842	3.842	-1	-0.034	3.803	0	0	0	0	0	0	0	0	0	0	0	0	0	0	0	19.8	0	0	0	0	0	0	0	0	0	0	0	0	0	0	0	0	0	0	0	0	0	0	0	0	0	0	0	0	0	0	0	0	0	0	
11/03/2022 17:33:46	0	0	8	14.98	15	0	3412	1221	3.801	3.8016	19.8	0	False	-4.246666	-4.253334	-4.258333	4.25	0.4394	1.4387	3.83	3.842	-1	-0.034	3.801	0	0	0	0	0	0	0	0	0	0	0	0	0	0	0	19.8	0	0	0	0	0	0	0	0	0	0	0	0	0	0	0	0	0	0	0	0	0	0	0	0	0	0	0	0	0	0	0	0	0	0	
11/03/2022 17:33:56	0	0	8	14.98	15	0	3418	1231	3.799	3.7997	19.8	0	False	-4.246666	-4.24	-4.236667	4.25	0.4394	1.4505	3.842	3.842	-1	-0.034	3.799	0	0	0	0	0	0	0	0	0	0	0	0	0	0	0	19.8	0	0	0	0	0	0	0	0	0	0	0	0	0	0	0	0	0	0	0	0	0	0	0	0	0	0	0	0	0	0	0	0	0	0	
11/03/2022 17:34:06	0	0	8	14.98	15	0	3416	1241	3.796	3.7972	19.8	0	False	-4.246666	-4.245	-4.22	4.25	0.4394	1.4623	3.83	3.83	-1	-0.034	3.796	0	0	0	0	0	0	0	0	0	0	0	0	0	0	0	19.8	0	0	0	0	0	0	0	0	0	0	0	0	0	0	0	0	0	0	0	0	0	0	0	0	0	0	0	0	0	0	0	0	0	0	
11/03/2022 17:34:16	0	0	8	14.99	15	0	3414	1251	3.794	3.7947	19.8	0	False	-4.248333	-4.245	-4.253334	4.25	0.4394	1.474	3.83	3.83	-1	-0.034	3.794	0	0	0	0	0	0	0	0	0	0	0	0	0	0	0	19.8	0	0	0	0	0	0	0	0	0	0	0	0	0	0	0	0	0	0	0	0	0	0	0	0	0	0	0	0	0	0	0	0	0	0	
11/03/2022 17:34:26	0	0	8	14.98	15	0	3412	1261	3.791	3.7922	19.8	0	False	-4.245	-4.248333	-4.241667	4.25	0.4394	1.4858	3.819	3.83	-1	-0.046	3.791	0	0	0	0	0	0	0	0	0	0	0	0	0	0	0	19.8	0	0	0	0	0	0	0	0	0	0	0	0	0	0	0	0	0	0	0	0	0	0	0	0	0	0	0	0	0	0	0	0	0	0	
11/03/2022 17:34:36	0	0	8	14.98	15	0	3414	1271	3.789	3.7897	19.8	0	False	-4.25	-4.251667	-4.22	4.25	0.4394	1.4976	3.819	3.83	-1	-0.034	3.789	0	0	0	0	0	0	0	0	0	0	0	0	0	0	0	19.8	0	0	0	0	0	0	0	0	0	0	0	0	0	0	0	0	0	0	0	0	0	0	0	0	0	0	0	0	0	0	0	0	0	0	
11/03/2022 17:34:46	0	0	8	14.98	15	0	3416	1281	3.786	3.7872	19.8	0	False	-4.248333	-4.248333	-4.241667	4.25	0.4394	1.5094	3.819	3.83	-1	-0.034	3.786	0	0	0	0	0	0	0	0	0	0	0	0	0	0	0	19.8	0	0	0	0	0	0	0	0	0	0	0	0	0	0	0	0	0	0	0	0	0	0	0	0	0	0	0	0	0	0	0	0	0	0	
11/03/2022 17:34:56	0	0	8	14.99	15	0	3414	1291	3.784	3.7847	19.8	0	False	-4.248333	-4.256667	-4.258333	4.25	0.4394	1.5213	3.819	3.819	-1	-0.034	3.784	0	0	0	0	0	0	0	0	0	0	0	0	0	0	0	19.8	0	0	0	0	0	0	0	0	0	0	0	0	0	0	0	0	0	0	0	0	0	0	0	0	0	0	0	0	0	0	0	0	0	0	
11/03/2022 17:35:06	0	0	8	14.98	15	0	3410	1301	3.781	3.7822	19.8	0	False	-4.246666	-4.248333	-4.258333	4.25	0.4394	1.5331	3.807	3.819	-1	-0.034	3.781	0	0	0	0	0	0	0	0	0	0	0	0	0	0	0	19.8	0	0	0	0	0	0	0	0	0	0	0	0	0	0	0	0	0	0	0	0	0	0	0	0	0	0	0	0	0	0	0	0	0	0	
11/03/2022 17:35:16	0	0	8	14.98	15	0	3420	1311	3.779	3.7797	19.8	0	False	-4.245	-4.245	-4.265	4.25	0.4394	1.5449	3.807	3.819	-1	-0.034	3.779	0	0	0	0	0	0	0	0	0	0	0	0	0	0	0	19.8	0	0	0	0	0	0	0	0	0	0	0	0	0	0	0	0	0	0	0	0	0	0	0	0	0	0	0	0	0	0	0	0	0	0	
11/03/2022 17:35:26	0	0	8	14.98	15	0	3408	1320	3.776	3.7772	19.8	0	False	-4.248333	-4.251667	-4.236667	4.25	0.4394	1.5555	3.807	3.819	-1	-0.046	3.776	0	0	0	0	0	0	0	0	0	0	0	0	0	0	0	19.8	0	0	0	0	0	0	0	0	0	0	0	0	0	0	0	0	0	0	0	0	0	0	0	0	0	0	0	0	0	0	0	0	0	0	
11/03/2022 17:35:36	0	0	8	14.98	15	0	3420	1330	3.774	3.7747	19.8	0	False	-4.246666	-4.243333	-4.253334	4.25	0.4394	1.5673	3.807	3.814	-1	-0.034	3.774	0	0	0	0	0	0	0	0	0	0	0	0	0	0	0	19.8	0	0	0	0	0	0	0	0	0	0	0	0	0	0	0	0	0	0	0	0	0	0	0	0	0	0	0	0	0	0	0	0	0	0	
11/03/2022 17:35:46	0	0	8	14.98	15	0	3410	1340	3.771	3.7722	19.8	0	False	-4.251667	-4.253334	-4.231667	4.25	0.4394	1.579	3.807	3.807	-1	-0.034	3.771	0	0	0	0	0	0	0	0	0	0	0	0	0	0	0	19.8	0	0	0	0	0	0	0	0	0	0	0	0	0	0	0	0	0	0	0	0	0	0	0	0	0	0	0	0	0	0	0	0	0	0	
11/03/2022 17:35:56	0	0	8	14.98	15	0	3416	1350	3.769	3.7696	19.8	0	False	-4.245	-4.248333	-4.236667	4.25	0.4394	1.5908	3.796	3.807	-1	-0.046	3.769	0	0	0	0	0	0	0	0	0	0	0	0	0	0	0	19.8	0	0	0	0	0	0	0	0	0	0	0	0	0	0	0	0	0	0	0	0	0	0	0	0	0	0	0	0	0	0	0	0	0	0	
11/03/2022 17:36:06	0	0	8	14.98	15	0	3418	1360	3.766	3.7672	19.8	0	False	-4.248333	-4.246666	-4.241667	4.25	0.4394	1.6026	3.807	3.807	-1	-0.034	3.766	0	0	0	0	0	0	0	0	0	0	0	0	0	0	0	19.8	0	0	0	0	0	0	0	0	0	0	0	0	0	0	0	0	0	0	0	0	0	0	0	0	0	0	0	0	0	0	0	0	0	0	
11/03/2022 17:36:16	0	0	8	14.99	15	0	3416	1370	3.764	3.7647	19.8	0	False	-4.248333	-4.248333	-4.22	4.25	0.4394	1.6144	3.796	3.802	-1	-0.046	3.764	0	0	0	0	0	0	0	0	0	0	0	0	0	0	0	19.8	0	0	0	0	0	0	0	0	0	0	0	0	0	0	0	0	0	0	0	0	0	0	0	0	0	0	0	0	0	0	0	0	0	0	
11/03/2022 17:36:26	0	0	8	14.98	15	0	3414	1380	3.761	3.7622	19.8	0	False	-4.25	-4.245	-4.253334	4.25	0.4394	1.6262	3.784	3.796	-1	-0.034	3.761	0	0	0	0	0	0	0	0	0	0	0	0	0	0	0	19.8	0	0	0	0	0	0	0	0	0	0	0	0	0	0	0	0	0	0	0	0	0	0	0	0	0	0	0	0	0	0	0	0	0	0	
11/03/2022 17:36:36	0	0	8	14.99	15	0	3424	1390	3.758	3.759	19.8	0	False	-4.248333	-4.243333	-4.258333	4.25	0.4394	1.638	3.796	3.796	-1	-0.023	3.758	0	0	0	0	0	0	0	0	0	0	0	0	0	0	0	19.8	0	0	0	0	0	0	0	0	0	0	0	0	0	0	0	0	0	0	0	0	0	0	0	0	0	0	0	0	0	0	0	0	0	0	
11/03/2022 17:36:46	0	0	8	14.99	15	0	3410	1400	3.756	3.7565	19.8	0	False	-4.25	-4.251667	-4.253334	4.25	0.4394	1.6499	3.784	3.796	-1	-0.034	3.756	0	0	0	0	0	0	0	0	0	0	0	0	0	0	0	19.8	0	0	0	0	0	0	0	0	0	0	0	0	0	0	0	0	0	0	0	0	0	0	0	0	0	0	0	0	0	0	0	0	0	0	
11/03/2022 17:36:56	0	0	8	14.99	15	0	3420	1410	3.753	3.7534	19.8	0	False	-4.25	-4.241667	-4.276667	4.25	0.4394	1.6616	3.784	3.793	-1	-0.034	3.753	0	0	0	0	0	0	0	0	0	0	0	0	0	0	0	19.8	0	0	0	0	0	0	0	0	0	0	0	0	0	0	0	0	0	0	0	0	0	0	0	0	0	0	0	0	0	0	0	0	0	0	
11/03/2022 17:37:06	0	0	8	14.98	15	0	3414	1420	3.75	3.7508	19.8	0	False	-4.245	-4.251667	-4.253334	4.25	0.4394	1.6734	3.784	3.784	-1	-0.034	3.75	0	0	0	0	0	0	0	0	0	0	0	0	0	0	0	19.8	0	0	0	0	0	0	0	0	0	0	0	0	0	0	0	0	0	0	0	0	0	0	0	0	0	0	0	0	0	0	0	0	0	0	
11/03/2022 17:37:16	0	0	8	14.98	15	0	3424	1430	3.748	3.7483	19.8	0	False	-4.248333	-4.241667	-4.241667	4.25	0.4394	1.6852	3.773	3.784	-1	-0.046	3.748	0	0	0	0	0	0	0	0	0	0	0	0	0	0	0	19.8	0	0	0	0	0	0	0	0	0	0	0	0	0	0	0	0	0	0	0	0	0	0	0	0	0	0	0	0	0	0	0	0	0	0	
11/03/2022 17:37:26	0	0	8	14.98	15	0	3414	1440	3.745	3.7454	19.8	0	False	-4.246666	-4.25	-4.258333	4.25	0.4394	1.697	3.784	3.784	-1	-0.034	3.745	0	0	0	0	0	0	0	0	0	0	0	0	0	0	0	19.8	0	0	0	0	0	0	0	0	0	0	0	0	0	0	0	0	0	0	0	0	0	0	0	0	0	0	0	0	0	0	0	0	0	0	
11/03/2022 17:37:36	0	0	8	14.99	15	0	3408	1450	3.741	3.7422	19.8	0	False	-4.248333	-4.251667	-4.236667	4.25	0.4394	1.7088	3.773	3.782	-1	-0.034	3.741	0	0	0	0	0	0	0	0	0	0	0	0	0	0	0	19.8	0	0	0	0	0	0	0	0	0	0	0	0	0	0	0	0	0	0	0	0	0	0	0	0	0	0	0	0	0	0	0	0	0	0	
11/03/2022 17:37:46	0	0	8	14.98	15	0	3414	1460	3.739	3.7397	19.8	0	False	-4.248333	-4.248333	-4.231667	4.25	0.4394	1.7206	3.761	3.773	-1	-0.034	3.739	0	0	0	0	0	0	0	0	0	0	0	0	0	0	0	19.8	0	0	0	0	0	0	0	0	0	0	0	0	0	0	0	0	0	0	0	0	0	0	0	0	0	0	0	0	0	0	0	0	0	0	
11/03/2022 17:37:56	0	0	8	14.99	15	0	3416	1470	3.736	3.7372	19.8	0	False	-4.246666	-4.243333	-4.231667	4.25	0.4394	1.7324	3.761	3.773	-1	-0.034	3.736	0	0	0	0	0	0	0	0	0	0	0	0	0	0	0	19.8	0	0	0	0	0	0	0	0	0	0	0	0	0	0	0	0	0	0	0	0	0	0	0	0	0	0	0	0	0	0	0	0	0	0	
11/03/2022 17:38:06	0	0	8	14.99	15	0	3422	1480	3.733	3.734	19.8	0	False	-4.248333	-4.245	-4.253334	4.25	0.4394	1.7442	3.761	3.773	-1	-0.046	3.733	0	0	0	0	0	0	0	0	0	0	0	0	0	0	0	19.8	0	0	0	0	0	0	0	0	0	0	0	0	0	0	0	0	0	0	0	0	0	0	0	0	0	0	0	0	0	0	0	0	0	0	
11/03/2022 17:38:16	0	0	8	14.98	15	0	3416	1490	3.73	3.7309	19.8	0	False	-4.248333	-4.251667	-4.258333	4.25	0.4394	1.756	3.761	3.773	-1	-0.034	3.73	0	0	0	0	0	0	0	0	0	0	0	0	0	0	0	19.8	0	0	0	0	0	0	0	0	0	0	0	0	0	0	0	0	0	0	0	0	0	0	0	0	0	0	0	0	0	0	0	0	0	0	
11/03/2022 17:38:26	0	0	8	14.98	15	0	3410	1500	3.728	3.7284	19.8	0	False	-4.251667	-4.251667	-4.231667	4.25	0.4394	1.7678	3.761	3.761	-1	-0.023	3.728	0	0	0	0	0	0	0	0	0	0	0	0	0	0	0	19.8	0	0	0	0	0	0	0	0	0	0	0	0	0	0	0	0	0	0	0	0	0	0	0	0	0	0	0	0	0	0	0	0	0	0	
11/03/2022 17:38:36	0	0	8	14.99	15	0	3412	1510	3.725	3.7256	19.8	0	False	-4.25	-4.25	-4.231667	4.25	0.4394	1.7796	3.75	3.761	-1	-0.034	3.725	0	0	0	0	0	0	0	0	0	0	0	0	0	0	0	19.8	0	0	0	0	0	0	0	0	0	0	0	0	0	0	0	0	0	0	0	0	0	0	0	0	0	0	0	0	0	0	0	0	0	0	
11/03/2022 17:38:46	0	0	8	14.98	15	0	3412	1520	3.722	3.7229	19.8	0	False	-4.25	-4.25	-4.231667	4.25	0.4394	1.7914	3.75	3.761	-1	-0.034	3.722	0	0	0	0	0	0	0	0	0	0	0	0	0	0	0	19.8	0	0	0	0	0	0	0	0	0	0	0	0	0	0	0	0	0	0	0	0	0	0	0	0	0	0	0	0	0	0	0	0	0	0	
11/03/2022 17:38:56	0	0	8	14.98	15	0	3416	1529	3.719	3.7197	19.8	0	False	-4.246666	-4.248333	-4.22	4.25	0.4394	1.802	3.738	3.754	-1	-0.034	3.719	0	0	0	0	0	0	0	0	0	0	0	0	0	0	0	19.8	0	0	0	0	0	0	0	0	0	0	0	0	0	0	0	0	0	0	0	0	0	0	0	0	0	0	0	0	0	0	0	0	0	0	
11/03/2022 17:39:06	0	0	8	14.99	15	0	3416	1539	3.716	3.7171	19.8	0	False	-4.246666	-4.25	-4.253334	4.25	0.4394	1.8138	3.75	3.75	-1	-0.023	3.716	0	0	0	0	0	0	0	0	0	0	0	0	0	0	0	19.8	0	0	0	0	0	0	0	0	0	0	0	0	0	0	0	0	0	0	0	0	0	0	0	0	0	0	0	0	0	0	0	0	0	0	
11/03/2022 17:39:16	0	0	8	14.99	15	0	3418	1549	3.713	3.7136	19.8	0	False	-4.248333	-4.246666	-4.258333	4.25	0.4394	1.8256	3.75	3.75	-1	-0.023	3.713	0	0	0	0	0	0	0	0	0	0	0	0	0	0	0	19.8	0	0	0	0	0	0	0	0	0	0	0	0	0	0	0	0	0	0	0	0	0	0	0	0	0	0	0	0	0	0	0	0	0	0	
11/03/2022 17:39:26	0	0	8	14.98	15	0	3412	1559	3.71	3.7109	19.8	0	False	-4.245	-4.25	-4.236667	4.25	0.4394	1.8374	3.75	3.75	-1	-0.034	3.71	0	0	0	0	0	0	0	0	0	0	0	0	0	0	0	19.8	0	0	0	0	0	0	0	0	0	0	0	0	0	0	0	0	0	0	0	0	0	0	0	0	0	0	0	0	0	0	0	0	0	0	
11/03/2022 17:39:36	0	0	8	14.99	15	0	3414	1569	3.708	3.7083	19.8	0	False	-4.248333	-4.25	-4.253334	4.25	0.4394	1.8492	3.738	3.747	-1	-0.034	3.708	0	0	0	0	0	0	0	0	0	0	0	0	0	0	0	19.8	0	0	0	0	0	0	0	0	0	0	0	0	0	0	0	0	0	0	0	0	0	0	0	0	0	0	0	0	0	0	0	0	0	0	
11/03/2022 17:39:46	0	0	8	14.98	15	0	3416	1579	3.704	3.7051	19.8	0	False	-4.248333	-4.246666	-4.236667	4.25	0.4394	1.861	3.738	3.738	-1	-0.034	3.704	0	0	0	0	0	0	0	0	0	0	0	0	0	0	0	19.8	0	0	0	0	0	0	0	0	0	0	0	0	0	0	0	0	0	0	0	0	0	0	0	0	0	0	0	0	0	0	0	0	0	0	
11/03/2022 17:39:56	0	0	8	14.99	15	0	3418	1589	3.701	3.7022	19.8	0	False	-4.248333	-4.248333	-4.258333	4.25	0.4394	1.8728	3.738	3.738	-1	-0.034	3.701	0	0	0	0	0	0	0	0	0	0	0	0	0	0	0	19.8	0	0	0	0	0	0	0	0	0	0	0	0	0	0	0	0	0	0	0	0	0	0	0	0	0	0	0	0	0	0	0	0	0	0	
11/03/2022 17:40:06	0	0	8	14.98	15	0	3420	1599	3.699	3.6995	19.8	0	False	-4.246666	-4.241667	-4.236667	4.25	0.4394	1.8846	3.727	3.738	-1	-0.034	3.699	0	0	0	0	0	0	0	0	0	0	0	0	0	0	0	19.8	0	0	0	0	0	0	0	0	0	0	0	0	0	0	0	0	0	0	0	0	0	0	0	0	0	0	0	0	0	0	0	0	0	0	
11/03/2022 17:40:16	0	0	8	14.98	15	0	3422	1609	3.695	3.6959	19.8	0	False	-4.246666	-4.245	-4.258333	4.25	0.4394	1.8964	3.727	3.734	-1	-0.034	3.695	0	0	0	0	0	0	0	0	0	0	0	0	0	0	0	19.8	0	0	0	0	0	0	0	0	0	0	0	0	0	0	0	0	0	0	0	0	0	0	0	0	0	0	0	0	0	0	0	0	0	0	
11/03/2022 17:40:26	0	0	8	14.98	15	0	3420	1619	3.693	3.6934	19.8	0	False	-4.248333	-4.245	-4.22	4.25	0.4394	1.9082	3.727	3.727	-1	-0.034	3.693	0	0	0	0	0	0	0	0	0	0	0	0	0	0	0	19.8	0	0	0	0	0	0	0	0	0	0	0	0	0	0	0	0	0	0	0	0	0	0	0	0	0	0	0	0	0	0	0	0	0	0	
11/03/2022 17:40:36	0	0	8	14.98	15	0	3414	1629	3.689	3.69	19.8	0	False	-4.246666	-4.246666	-4.253334	4.25	0.4394	1.92	3.716	3.727	-1	-0.023	3.689	0	0	0	0	0	0	0	0	0	0	0	0	0	0	0	19.8	0	0	0	0	0	0	0	0	0	0	0	0	0	0	0	0	0	0	0	0	0	0	0	0	0	0	0	0	0	0	0	0	0	0	
11/03/2022 17:40:46	0	0	8	14.98	15	0	3416	1639	3.686	3.6872	19.8	0	False	-4.248333	-4.251667	-4.236667	4.25	0.4394	1.9318	3.716	3.727	-1	-0.046	3.686	0	0	0	0	0	0	0	0	0	0	0	0	0	0	0	19.8	0	0	0	0	0	0	0	0	0	0	0	0	0	0	0	0	0	0	0	0	0	0	0	0	0	0	0	0	0	0	0	0	0	0	
11/03/2022 17:40:56	0	0	8	14.98	15	0	3422	1649	3.684	3.6845	19.8	0	False	-4.246666	-4.241667	-4.241667	4.25	0.4394	1.9436	3.704	3.718	-1	-0.034	3.684	0	0	0	0	0	0	0	0	0	0	0	0	0	0	0	19.8	0	0	0	0	0	0	0	0	0	0	0	0	0	0	0	0	0	0	0	0	0	0	0	0	0	0	0	0	0	0	0	0	0	0	
11/03/2022 17:41:06	0	0	8	14.98	15	0	3412	1659	3.68	3.6809	19.8	0	False	-4.246666	-4.246666	-4.241667	4.25	0.4394	1.9554	3.716	3.716	-1	-0.034	3.68	0	0	0	0	0	0	0	0	0	0	0	0	0	0	0	19.8	0	0	0	0	0	0	0	0	0	0	0	0	0	0	0	0	0	0	0	0	0	0	0	0	0	0	0	0	0	0	0	0	0	0	
11/03/2022 17:41:16	0	0	8	14.99	15	0	3418	1669	3.677	3.6781	19.8	0	False	-4.246666	-4.243333	-4.241667	4.25	0.4394	1.9672	3.704	3.716	-1	-0.034	3.677	0	0	0	0	0	0	0	0	0	0	0	0	0	0	0	19.8	0	0	0	0	0	0	0	0	0	0	0	0	0	0	0	0	0	0	0	0	0	0	0	0	0	0	0	0	0	0	0	0	0	0	
11/03/2022 17:41:26	0	0	8	14.98	15	0	3420	1679	3.674	3.6747	19.8	0	False	-4.248333	-4.246666	-4.231667	4.25	0.4394	1.979	3.704	3.716	-1	-0.034	3.674	0	0	0	0	0	0	0	0	0	0	0	0	0	0	0	19.8	0	0	0	0	0	0	0	0	0	0	0	0	0	0	0	0	0	0	0	0	0	0	0	0	0	0	0	0	0	0	0	0	0	0	
11/03/2022 17:41:36	0	0	8	14.99	15	0	3412	1689	3.67	3.6709	19.8	0	False	-4.25	-4.253334	-4.253334	4.25	0.4394	1.9908	3.704	3.704	-1	-0.034	3.67	0	0	0	0	0	0	0	0	0	0	0	0	0	0	0	19.8	0	0	0	0	0	0	0	0	0	0	0	0	0	0	0	0	0	0	0	0	0	0	0	0	0	0	0	0	0	0	0	0	0	0	
11/03/2022 17:41:46	0	0	8	14.98	15	0	3416	1699	3.667	3.6675	19.8	0	False	-4.246666	-4.248333	-4.253334	4.25	0.4394	2.0026	3.693	3.704	-1	-0.034	3.667	0	0	0	0	0	0	0	0	0	0	0	0	0	0	0	19.8	0	0	0	0	0	0	0	0	0	0	0	0	0	0	0	0	0	0	0	0	0	0	0	0	0	0	0	0	0	0	0	0	0	0	
11/03/2022 17:41:56	0	0	8	14.99	15	0	3416	1709	3.664	3.6646	19.8	0	False	-4.246666	-4.25	-4.253334	4.25	0.4394	2.0144	3.693	3.704	-1	-0.034	3.664	0	0	0	0	0	0	0	0	0	0	0	0	0	0	0	19.8	0	0	0	0	0	0	0	0	0	0	0	0	0	0	0	0	0	0	0	0	0	0	0	0	0	0	0	0	0	0	0	0	0	0	
11/03/2022 17:42:06	0	0	8	14.99	15	0	3408	1719	3.66	3.6611	19.8	0	False	-4.251667	-4.251667	-4.241667	4.25	0.4394	2.0262	3.693	3.7	-1	-0.034	3.66	0	0	0	0	0	0	0	0	0	0	0	0	0	0	0	19.8	0	0	0	0	0	0	0	0	0	0	0	0	0	0	0	0	0	0	0	0	0	0	0	0	0	0	0	0	0	0	0	0	0	0	
11/03/2022 17:42:16	0	0	8	14.98	15	0	3420	1729	3.658	3.6583	19.8	0	False	-4.245	-4.243333	-4.241667	4.25	0.4394	2.038	3.693	3.693	-1	-0.034	3.658	0	0	0	0	0	0	0	0	0	0	0	0	0	0	0	19.8	0	0	0	0	0	0	0	0	0	0	0	0	0	0	0	0	0	0	0	0	0	0	0	0	0	0	0	0	0	0	0	0	0	0	
11/03/2022 17:42:26	0	0	8	14.98	15	0	3416	1738	3.655	3.6553	19.8	0	False	-4.25	-4.251667	-4.22	4.25	0.4394	2.0486	3.681	3.693	-1	-0.034	3.655	0	0	0	0	0	0	0	0	0	0	0	0	0	0	0	19.8	0	0	0	0	0	0	0	0	0	0	0	0	0	0	0	0	0	0	0	0	0	0	0	0	0	0	0	0	0	0	0	0	0	0	
11/03/2022 17:42:36	0	0	8	14.98	15	0	3416	1748	3.651	3.6521	19.8	0	False	-4.246666	-4.25	-4.253334	4.25	0.4394	2.0604	3.681	3.692	-1	-0.034	3.651	0	0	0	0	0	0	0	0	0	0	0	0	0	0	0	19.8	0	0	0	0	0	0	0	0	0	0	0	0	0	0	0	0	0	0	0	0	0	0	0	0	0	0	0	0	0	0	0	0	0	0	
11/03/2022 17:42:46	0	0	8	14.99	15	0	3414	1758	3.649	3.6494	19.8	0	False	-4.248333	-4.248333	-4.231667	4.25	0.4394	2.0722	3.681	3.681	-1	-0.034	3.649	0	0	0	0	0	0	0	0	0	0	0	0	0	0	0	19.8	0	0	0	0	0	0	0	0	0	0	0	0	0	0	0	0	0	0	0	0	0	0	0	0	0	0	0	0	0	0	0	0	0	0	
11/03/2022 17:42:56	0	0	8	14.98	15	0	3412	1768	3.645	3.6459	19.8	0	False	-4.246666	-4.251667	-4.258333	4.25	0.4394	2.084	3.681	3.681	-1	-0.034	3.645	0	0	0	0	0	0	0	0	0	0	0	0	0	0	0	19.8	0	0	0	0	0	0	0	0	0	0	0	0	0	0	0	0	0	0	0	0	0	0	0	0	0	0	0	0	0	0	0	0	0	0	
11/03/2022 17:43:06	0	0	8	14.98	15	0	3426	1778	3.643	3.6434	19.8	0	False	-4.248333	-4.243333	-4.258333	4.25	0.4394	2.0958	3.67	3.681	-1	-0.034	3.643	0	0	0	0	0	0	0	0	0	0	0	0	0	0	0	19.8	0	0	0	0	0	0	0	0	0	0	0	0	0	0	0	0	0	0	0	0	0	0	0	0	0	0	0	0	0	0	0	0	0	0	
11/03/2022 17:43:16	0	0	8	14.98	15	0	3420	1788	3.64	3.6404	19.8	0	False	-4.251667	-4.246666	-4.241667	4.25	0.4394	2.1076	3.67	3.68	-1	-0.023	3.64	0	0	0	0	0	0	0	0	0	0	0	0	0	0	0	19.8	0	0	0	0	0	0	0	0	0	0	0	0	0	0	0	0	0	0	0	0	0	0	0	0	0	0	0	0	0	0	0	0	0	0	
11/03/2022 17:43:26	0	0	8	14.98	15	0	3414	1798	3.636	3.6371	19.8	0	False	-4.246666	-4.25	-4.231667	4.25	0.4394	2.1194	3.67	3.67	-1	-0.023	3.636	0	0	0	0	0	0	0	0	0	0	0	0	0	0	0	19.8	0	0	0	0	0	0	0	0	0	0	0	0	0	0	0	0	0	0	0	0	0	0	0	0	0	0	0	0	0	0	0	0	0	0	
11/03/2022 17:43:36	0	0	8	14.98	15	0	3416	1808	3.634	3.6342	19.8	0	False	-4.245	-4.245	-4.22	4.25	0.4394	2.1311	3.67	3.67	-1	-0.034	3.634	0	0	0	0	0	0	0	0	0	0	0	0	0	0	0	19.8	0	0	0	0	0	0	0	0	0	0	0	0	0	0	0	0	0	0	0	0	0	0	0	0	0	0	0	0	0	0	0	0	0	0	
11/03/2022 17:43:46	0	0	8	14.98	15	0	3418	1818	3.63	3.6309	19.8	0	False	-4.248333	-4.246666	-4.258333	4.25	0.4394	2.1429	3.67	3.67	-1	-0.034	3.63	0	0	0	0	0	0	0	0	0	0	0	0	0	0	0	19.8	0	0	0	0	0	0	0	0	0	0	0	0	0	0	0	0	0	0	0	0	0	0	0	0	0	0	0	0	0	0	0	0	0	0	
11/03/2022 17:43:56	0	0	8	14.98	15	0	3420	1828	3.628	3.6284	19.8	0	False	-4.245	-4.25	-4.241667	4.25	0.4394	2.1547	3.67	3.667	-1	-0.034	3.628	0	0	0	0	0	0	0	0	0	0	0	0	0	0	0	19.8	0	0	0	0	0	0	0	0	0	0	0	0	0	0	0	0	0	0	0	0	0	0	0	0	0	0	0	0	0	0	0	0	0	0	
11/03/2022 17:44:06	0	0	8	14.98	15	0	3422	1838	3.625	3.6258	19.8	0	False	-4.25	-4.243333	-4.241667	4.25	0.4394	2.1665	3.647	3.658	-1	-0.034	3.625	0	0	0	0	0	0	0	0	0	0	0	0	0	0	0	19.8	0	0	0	0	0	0	0	0	0	0	0	0	0	0	0	0	0	0	0	0	0	0	0	0	0	0	0	0	0	0	0	0	0	0	
11/03/2022 17:44:16	0	0	8	14.98	15	0	3420	1846	3.623	3.6234	19.8	0	False	-4.25	-4.245	-4.241667	4.25	0.4394	2.176	3.647	3.658	-1	-0.034	3.623	0	0	0	0	0	0	0	0	0	0	0	0	0	0	0	19.8	0	0	0	0	0	0	0	0	0	0	0	0	0	0	0	0	0	0	0	0	0	0	0	0	0	0	0	0	0	0	0	0	0	0	
11/03/2022 17:44:26	0	0	8	14.99	15	0	3418	1858	3.619	3.6196	19.8	0	False	-4.245	-4.243333	-4.236667	4.25	0.4394	2.1901	3.658	3.658	-1	-0.034	3.619	0	0	0	0	0	0	0	0	0	0	0	0	0	0	0	19.8	0	0	0	0	0	0	0	0	0	0	0	0	0	0	0	0	0	0	0	0	0	0	0	0	0	0	0	0	0	0	0	0	0	0	
11/03/2022 17:44:36	0	0	8	14.98	15	0	3408	1868	3.616	3.6171	19.8	0	False	-4.248333	-4.25	-4.253334	4.25	0.4394	2.2019	3.647	3.651	-1	-0.034	3.616	0	0	0	0	0	0	0	0	0	0	0	0	0	0	0	19.8	0	0	0	0	0	0	0	0	0	0	0	0	0	0	0	0	0	0	0	0	0	0	0	0	0	0	0	0	0	0	0	0	0	0	
11/03/2022 17:44:46	0	0	8	14.99	15	0	3426	1878	3.614	3.6143	19.8	0	False	-4.25	-4.245	-4.241667	4.25	0.4394	2.2137	3.635	3.647	-1	-0.023	3.614	0	0	0	0	0	0	0	0	0	0	0	0	0	0	0	19.8	0	0	0	0	0	0	0	0	0	0	0	0	0	0	0	0	0	0	0	0	0	0	0	0	0	0	0	0	0	0	0	0	0	0	
11/03/2022 17:44:56	0	0	8	14.99	15	0	3420	1888	3.611	3.6114	19.8	0	False	-4.248333	-4.245	-4.253334	4.25	0.4394	2.2255	3.635	3.647	-1	-0.034	3.611	0	0	0	0	0	0	0	0	0	0	0	0	0	0	0	19.8	0	0	0	0	0	0	0	0	0	0	0	0	0	0	0	0	0	0	0	0	0	0	0	0	0	0	0	0	0	0	0	0	0	0	
11/03/2022 17:45:06	0	0	8	14.98	15	0	3418	1898	3.608	3.6092	19.8	0	False	-4.251667	-4.246666	-4.236667	4.25	0.4394	2.2373	3.647	3.647	-1	-0.034	3.608	0	0	0	0	0	0	0	0	0	0	0	0	0	0	0	19.8	0	0	0	0	0	0	0	0	0	0	0	0	0	0	0	0	0	0	0	0	0	0	0	0	0	0	0	0	0	0	0	0	0	0	
11/03/2022 17:45:16	0	0	8	14.99	15	0	3416	1908	3.605	3.6059	19.8	0	False	-4.248333	-4.246666	-4.258333	4.25	0.4394	2.2491	3.635	3.644	-1	-0.034	3.605	0	0	0	0	0	0	0	0	0	0	0	0	0	0	0	19.8	0	0	0	0	0	0	0	0	0	0	0	0	0	0	0	0	0	0	0	0	0	0	0	0	0	0	0	0	0	0	0	0	0	0	
11/03/2022 17:45:26	0	0	8	14.98	15	0	3418	1918	3.603	3.6034	19.8	0	False	-4.251667	-4.25	-4.236667	4.25	0.4394	2.2609	3.624	3.635	-1	-0.034	3.603	0	0	0	0	0	0	0	0	0	0	0	0	0	0	0	19.8	0	0	0	0	0	0	0	0	0	0	0	0	0	0	0	0	0	0	0	0	0	0	0	0	0	0	0	0	0	0	0	0	0	0	
11/03/2022 17:45:36	0	0	8	14.98	15	0	3408	1928	3.6	3.6008	19.8	0	False	-4.248333	-4.253334	-4.253334	4.25	0.4394	2.2727	3.624	3.635	-1	-0.023	3.6	0	0	0	0	0	0	0	0	0	0	0	0	0	0	0	19.8	0	0	0	0	0	0	0	0	0	0	0	0	0	0	0	0	0	0	0	0	0	0	0	0	0	0	0	0	0	0	0	0	0	0	
11/03/2022 17:45:46	0	0	8	14.99	15	0	3418	1937	3.598	3.5983	19.8	0	False	-4.245	-4.246666	-4.265	4.25	0.4394	2.2845	3.624	3.635	-1	-0.046	3.598	0	0	0	0	0	0	0	0	0	0	0	0	0	0	0	19.8	0	0	0	0	0	0	0	0	0	0	0	0	0	0	0	0	0	0	0	0	0	0	0	0	0	0	0	0	0	0	0	0	0	0	
11/03/2022 17:45:56	0	0	8	14.98	15	0	3424	1947	3.595	3.5957	19.8	0	False	-4.248333	-4.24	-4.231667	4.25	0.4394	2.2951	3.624	3.632	-1	-0.046	3.595	0	0	0	0	0	0	0	0	0	0	0	0	0	0	0	19.8	0	0	0	0	0	0	0	0	0	0	0	0	0	0	0	0	0	0	0	0	0	0	0	0	0	0	0	0	0	0	0	0	0	0	
11/03/2022 17:46:06	0	0	8	14.98	15	0	3418	1957	3.592	3.5931	19.8	0	False	-4.246666	-4.246666	-4.215	4.25	0.4394	2.3069	3.624	3.624	-1	-0.034	3.592	0	0	0	0	0	0	0	0	0	0	0	0	0	0	0	19.8	0	0	0	0	0	0	0	0	0	0	0	0	0	0	0	0	0	0	0	0	0	0	0	0	0	0	0	0	0	0	0	0	0	0	
11/03/2022 17:46:16	0	0	8	14.98	15	0	3416	1967	3.59	3.5902	19.8	0	False	-4.248333	-4.241667	-4.215	4.25	0.4394	2.3187	3.624	3.624	-1	-0.023	3.59	0	0	0	0	0	0	0	0	0	0	0	0	0	0	0	19.8	0	0	0	0	0	0	0	0	0	0	0	0	0	0	0	0	0	0	0	0	0	0	0	0	0	0	0	0	0	0	0	0	0	0	
11/03/2022 17:46:26	0	0	8	14.98	15	0	3422	1977	3.587	3.5877	19.8	0	False	-4.248333	-4.243333	-4.258333	4.25	0.4394	2.3305	3.624	3.624	-1	-0.034	3.587	0	0	0	0	0	0	0	0	0	0	0	0	0	0	0	19.8	0	0	0	0	0	0	0	0	0	0	0	0	0	0	0	0	0	0	0	0	0	0	0	0	0	0	0	0	0	0	0	0	0	0	
11/03/2022 17:46:36	0	0	8	14.98	15	0	3416	1987	3.584	3.585	19.8	0	False	-4.25	-4.25	-4.253334	4.25	0.4394	2.3424	3.612	3.623	-1	-0.034	3.584	0	0	0	0	0	0	0	0	0	0	0	0	0	0	0	19.8	0	0	0	0	0	0	0	0	0	0	0	0	0	0	0	0	0	0	0	0	0	0	0	0	0	0	0	0	0	0	0	0	0	0	
11/03/2022 17:46:46	0	0	8	14.99	15	0	3422	1997	3.582	3.583	19.8	0	False	-4.245	-4.24	-4.236667	4.25	0.4394	2.3542	3.612	3.612	-1	-0.034	3.582	0	0	0	0	0	0	0	0	0	0	0	0	0	0	0	19.8	0	0	0	0	0	0	0	0	0	0	0	0	0	0	0	0	0	0	0	0	0	0	0	0	0	0	0	0	0	0	0	0	0	0	
11/03/2022 17:46:56	0	0	8	14.98	15	0	3422	2007	3.58	3.5802	19.8	0	False	-4.246666	-4.241667	-4.236667	4.25	0.4394	2.366	3.601	3.612	-1	-0.034	3.58	0	0	0	0	0	0	0	0	0	0	0	0	0	0	0	19.8	0	0	0	0	0	0	0	0	0	0	0	0	0	0	0	0	0	0	0	0	0	0	0	0	0	0	0	0	0	0	0	0	0	0	
11/03/2022 17:47:06	0	0	8	14.98	15	0	3420	2017	3.577	3.5779	19.8	0	False	-4.246666	-4.243333	-4.236667	4.25	0.4394	2.3778	3.601	3.612	-1	-0.034	3.577	0	0	0	0	0	0	0	0	0	0	0	0	0	0	0	19.8	0	0	0	0	0	0	0	0	0	0	0	0	0	0	0	0	0	0	0	0	0	0	0	0	0	0	0	0	0	0	0	0	0	0	
11/03/2022 17:47:16	0	0	8	14.98	15	0	3418	2027	3.575	3.5757	19.8	0	False	-4.245	-4.245	-4.236667	4.25	0.4394	2.3896	3.601	3.612	-1	-0.023	3.575	0	0	0	0	0	0	0	0	0	0	0	0	0	0	0	19.8	0	0	0	0	0	0	0	0	0	0	0	0	0	0	0	0	0	0	0	0	0	0	0	0	0	0	0	0	0	0	0	0	0	0	
11/03/2022 17:47:26	0	0	8	14.99	15	0	3418	2037	3.573	3.5733	19.8	0	False	-4.248333	-4.245	-4.236667	4.25	0.4394	2.4014	3.601	3.609	-1	-0.034	3.573	0	0	0	0	0	0	0	0	0	0	0	0	0	0	0	19.8	0	0	0	0	0	0	0	0	0	0	0	0	0	0	0	0	0	0	0	0	0	0	0	0	0	0	0	0	0	0	0	0	0	0	
11/03/2022 17:47:36	0	0	8	14.99	15	0	3414	2047	3.57	3.5708	19.8	0	False	-4.245	-4.245	-4.241667	4.25	0.4394	2.4131	3.601	3.601	-1	-0.034	3.57	0	0	0	0	0	0	0	0	0	0	0	0	0	0	0	19.8	0	0	0	0	0	0	0	0	0	0	0	0	0	0	0	0	0	0	0	0	0	0	0	0	0	0	0	0	0	0	0	0	0	0	
11/03/2022 17:47:46	0	0	8	14.98	15	0	3410	2057	3.568	3.5684	19.8	0	False	-4.246666	-4.25	-4.258333	4.25	0.4394	2.4249	3.601	3.601	-1	-0.034	3.568	0	0	0	0	0	0	0	0	0	0	0	0	0	0	0	19.8	0	0	0	0	0	0	0	0	0	0	0	0	0	0	0	0	0	0	0	0	0	0	0	0	0	0	0	0	0	0	0	0	0	0	
11/03/2022 17:47:56	0	0	8	14.98	15	0	3414	2067	3.565	3.5659	19.8	0	False	-4.246666	-4.246666	-4.263333	4.25	0.4394	2.4367	3.589	3.601	-1	-0.034	3.565	0	0	0	0	0	0	0	0	0	0	0	0	0	0	0	19.8	0	0	0	0	0	0	0	0	0	0	0	0	0	0	0	0	0	0	0	0	0	0	0	0	0	0	0	0	0	0	0	0	0	0	
11/03/2022 17:48:06	0	0	8	14.98	15	0	3428	2077	3.563	3.5634	19.8	0	False	-4.246666	-4.238333	-4.241667	4.25	0.4394	2.4485	3.589	3.601	-1	-0.046	3.563	0	0	0	0	0	0	0	0	0	0	0	0	0	0	0	19.8	0	0	0	0	0	0	0	0	0	0	0	0	0	0	0	0	0	0	0	0	0	0	0	0	0	0	0	0	0	0	0	0	0	0	
11/03/2022 17:48:16	0	0	8	14.98	15	0	3426	2087	3.56	3.5609	19.8	0	False	-4.246666	-4.241667	-4.241667	4.25	0.4394	2.4603	3.578	3.597	-1	-0.034	3.56	0	0	0	0	0	0	0	0	0	0	0	0	0	0	0	19.8	0	0	0	0	0	0	0	0	0	0	0	0	0	0	0	0	0	0	0	0	0	0	0	0	0	0	0	0	0	0	0	0	0	0	
11/03/2022 17:48:26	0	0	8	14.99	15	0	3412	2097	3.558	3.5584	19.8	0	False	-4.248333	-4.253334	-4.236667	4.25	0.4394	2.4721	3.589	3.589	-1	-0.034	3.558	0	0	0	0	0	0	0	0	0	0	0	0	0	0	0	19.8	0	0	0	0	0	0	0	0	0	0	0	0	0	0	0	0	0	0	0	0	0	0	0	0	0	0	0	0	0	0	0	0	0	0	
11/03/2022 17:48:36	0	0	8	14.98	15	0	3426	2107	3.555	3.5559	19.8	0	False	-4.25	-4.243333	-4.231667	4.25	0.4394	2.4839	3.578	3.589	-1	-0.034	3.555	0	0	0	0	0	0	0	0	0	0	0	0	0	0	0	19.8	0	0	0	0	0	0	0	0	0	0	0	0	0	0	0	0	0	0	0	0	0	0	0	0	0	0	0	0	0	0	0	0	0	0	
11/03/2022 17:48:46	0	0	8	14.98	15	0	3420	2117	3.553	3.5534	19.8	0	False	-4.248333	-4.243333	-4.22	4.25	0.4394	2.4957	3.589	3.589	-1	-0.023	3.553	0	0	0	0	0	0	0	0	0	0	0	0	0	0	0	19.8	0	0	0	0	0	0	0	0	0	0	0	0	0	0	0	0	0	0	0	0	0	0	0	0	0	0	0	0	0	0	0	0	0	0	
11/03/2022 17:48:56	0	0	8	14.98	15	0	3418	2127	3.55	3.551	19.8	0	False	-4.25	-4.248333	-4.236667	4.25	0.4394	2.5075	3.589	3.589	-1	-0.034	3.55	0	0	0	0	0	0	0	0	0	0	0	0	0	0	0	19.8	0	0	0	0	0	0	0	0	0	0	0	0	0	0	0	0	0	0	0	0	0	0	0	0	0	0	0	0	0	0	0	0	0	0	
11/03/2022 17:49:06	0	0	8	14.98	15	0	3420	2137	3.548	3.5489	19.8	0	False	-4.246666	-4.241667	-4.241667	4.25	0.4394	2.5193	3.578	3.584	-1	-0.034	3.548	0	0	0	0	0	0	0	0	0	0	0	0	0	0	0	19.8	0	0	0	0	0	0	0	0	0	0	0	0	0	0	0	0	0	0	0	0	0	0	0	0	0	0	0	0	0	0	0	0	0	0	
11/03/2022 17:49:16	0	0	8	14.98	15	0	3418	2146	3.546	3.5469	19.8	0	False	-4.245	-4.243333	-4.236667	4.25	0.4394	2.5311	3.578	3.578	-1	-0.034	3.546	0	0	0	0	0	0	0	0	0	0	0	0	0	0	0	19.8	0	0	0	0	0	0	0	0	0	0	0	0	0	0	0	0	0	0	0	0	0	0	0	0	0	0	0	0	0	0	0	0	0	0	
11/03/2022 17:49:26	0	0	8	14.98	15	0	3424	2156	3.544	3.5446	19.8	0	False	-4.245	-4.245	-4.236667	4.25	0.4394	2.5417	3.578	3.578	-1	-0.023	3.544	0	0	0	0	0	0	0	0	0	0	0	0	0	0	0	19.8	0	0	0	0	0	0	0	0	0	0	0	0	0	0	0	0	0	0	0	0	0	0	0	0	0	0	0	0	0	0	0	0	0	0	
11/03/2022 17:49:36	0	0	8	14.98	15	0	3418	2166	3.541	3.542	19.8	0	False	-4.245	-4.243333	-4.258333	4.25	0.4394	2.5535	3.566	3.578	-1	-0.023	3.541	0	0	0	0	0	0	0	0	0	0	0	0	0	0	0	19.8	0	0	0	0	0	0	0	0	0	0	0	0	0	0	0	0	0	0	0	0	0	0	0	0	0	0	0	0	0	0	0	0	0	0	
11/03/2022 17:49:46	0	0	8	14.99	15	0	3420	2176	3.539	3.5396	19.8	0	False	-4.25	-4.25	-4.265	4.25	0.4394	2.5653	3.566	3.578	-1	-0.034	3.539	0	0	0	0	0	0	0	0	0	0	0	0	0	0	0	19.8	0	0	0	0	0	0	0	0	0	0	0	0	0	0	0	0	0	0	0	0	0	0	0	0	0	0	0	0	0	0	0	0	0	0	
11/03/2022 17:49:56	0	0	8	14.98	15	0	3414	2186	3.535	3.5359	19.8	0	False	-4.248333	-4.255	-4.258333	4.25	0.4394	2.5771	3.555	3.571	-1	-0.023	3.535	0	0	0	0	0	0	0	0	0	0	0	0	0	0	0	19.8	0	0	0	0	0	0	0	0	0	0	0	0	0	0	0	0	0	0	0	0	0	0	0	0	0	0	0	0	0	0	0	0	0	0	
11/03/2022 17:50:06	0	0	8	14.99	15	0	3416	2196	3.533	3.5334	19.8	0	False	-4.248333	-4.245	-4.236667	4.25	0.4394	2.5889	3.566	3.566	-1	-0.034	3.533	0	0	0	0	0	0	0	0	0	0	0	0	0	0	0	19.8	0	0	0	0	0	0	0	0	0	0	0	0	0	0	0	0	0	0	0	0	0	0	0	0	0	0	0	0	0	0	0	0	0	0	
11/03/2022 17:50:16	0	0	8	14.99	15	0	3418	2206	3.53	3.5309	19.8	0	False	-4.245	-4.245	-4.236667	4.25	0.4394	2.6007	3.555	3.566	-1	-0.023	3.53	0	0	0	0	0	0	0	0	0	0	0	0	0	0	0	19.8	0	0	0	0	0	0	0	0	0	0	0	0	0	0	0	0	0	0	0	0	0	0	0	0	0	0	0	0	0	0	0	0	0	0	
11/03/2022 17:50:26	0	0	8	14.98	15	0	3420	2216	3.528	3.5284	19.8	0	False	-4.246666	-4.241667	-4.241667	4.25	0.4394	2.6125	3.555	3.566	-1	-0.034	3.528	0	0	0	0	0	0	0	0	0	0	0	0	0	0	0	19.8	0	0	0	0	0	0	0	0	0	0	0	0	0	0	0	0	0	0	0	0	0	0	0	0	0	0	0	0	0	0	0	0	0	0	
11/03/2022 17:50:36	0	0	8	14.98	15	0	3418	2226	3.526	3.5265	19.8	0	False	-4.246666	-4.248333	-4.231667	4.25	0.4394	2.6243	3.555	3.564	-1	-0.034	3.526	0	0	0	0	0	0	0	0	0	0	0	0	0	0	0	19.8	0	0	0	0	0	0	0	0	0	0	0	0	0	0	0	0	0	0	0	0	0	0	0	0	0	0	0	0	0	0	0	0	0	0	
11/03/2022 17:50:46	0	0	8	14.98	15	0	3412	2236	3.523	3.5235	19.8	0	False	-4.246666	-4.248333	-4.253334	4.25	0.4394	2.6361	3.555	3.555	-1	-0.034	3.523	0	0	0	0	0	0	0	0	0	0	0	0	0	0	0	19.8	0	0	0	0	0	0	0	0	0	0	0	0	0	0	0	0	0	0	0	0	0	0	0	0	0	0	0	0	0	0	0	0	0	0	
11/03/2022 17:50:56	0	0	8	14.98	15	0	3420	2246	3.521	3.522	19.8	0	False	-4.248333	-4.245	-4.265	4.25	0.4394	2.6479	3.555	3.555	-1	-0.034	3.521	0	0	0	0	0	0	0	0	0	0	0	0	0	0	0	19.8	0	0	0	0	0	0	0	0	0	0	0	0	0	0	0	0	0	0	0	0	0	0	0	0	0	0	0	0	0	0	0	0	0	0	
11/03/2022 17:51:06	0	0	8	14.98	15	0	3412	2256	3.519	3.5194	19.8	0	False	-4.248333	-4.246666	-4.253334	4.25	0.4394	2.6597	3.544	3.555	-1	-0.023	3.519	0	0	0	0	0	0	0	0	0	0	0	0	0	0	0	19.8	0	0	0	0	0	0	0	0	0	0	0	0	0	0	0	0	0	0	0	0	0	0	0	0	0	0	0	0	0	0	0	0	0	0	
11/03/2022 17:51:16	0	0	8	14.98	15	0	3416	2266	3.516	3.517	19.8	0	False	-4.246666	-4.245	-4.253334	4.25	0.4394	2.6715	3.544	3.555	-1	-0.034	3.516	0	0	0	0	0	0	0	0	0	0	0	0	0	0	0	19.8	0	0	0	0	0	0	0	0	0	0	0	0	0	0	0	0	0	0	0	0	0	0	0	0	0	0	0	0	0	0	0	0	0	0	
11/03/2022 17:51:26	0	0	8	14.98	15	0	3422	2276	3.514	3.5146	19.8	0	False	-4.248333	-4.248333	-4.241667	4.25	0.4394	2.6833	3.544	3.547	-1	-0.034	3.514	0	0	0	0	0	0	0	0	0	0	0	0	0	0	0	19.8	0	0	0	0	0	0	0	0	0	0	0	0	0	0	0	0	0	0	0	0	0	0	0	0	0	0	0	0	0	0	0	0	0	0	
11/03/2022 17:51:36	0	0	8	14.98	15	0	3416	2286	3.511	3.5121	19.8	0	False	-4.248333	-4.251667	-4.253334	4.25	0.4394	2.6951	3.544	3.544	-1	-0.023	3.511	0	0	0	0	0	0	0	0	0	0	0	0	0	0	0	19.8	0	0	0	0	0	0	0	0	0	0	0	0	0	0	0	0	0	0	0	0	0	0	0	0	0	0	0	0	0	0	0	0	0	0	
11/03/2022 17:51:46	0	0	8	14.99	15	0	3410	2296	3.509	3.5096	19.8	0	False	-4.248333	-4.253334	-4.253334	4.25	0.4394	2.7069	3.544	3.544	-1	-0.023	3.509	0	0	0	0	0	0	0	0	0	0	0	0	0	0	0	19.8	0	0	0	0	0	0	0	0	0	0	0	0	0	0	0	0	0	0	0	0	0	0	0	0	0	0	0	0	0	0	0	0	0	0	
11/03/2022 17:51:56	0	0	8	14.98	15	0	3412	2306	3.506	3.5071	19.8	0	False	-4.251667	-4.248333	-4.258333	4.25	0.4394	2.7187	3.532	3.544	-1	-0.023	3.506	0	0	0	0	0	0	0	0	0	0	0	0	0	0	0	19.8	0	0	0	0	0	0	0	0	0	0	0	0	0	0	0	0	0	0	0	0	0	0	0	0	0	0	0	0	0	0	0	0	0	0	
11/03/2022 17:52:06	0	0	8	14.99	15	0	3418	2316	3.504	3.5046	19.8	0	False	-4.248333	-4.248333	-4.236667	4.25	0.4394	2.7305	3.532	3.544	-1	-0.034	3.504	0	0	0	0	0	0	0	0	0	0	0	0	0	0	0	19.8	0	0	0	0	0	0	0	0	0	0	0	0	0	0	0	0	0	0	0	0	0	0	0	0	0	0	0	0	0	0	0	0	0	0	
11/03/2022 17:52:16	0	0	8	14.98	15	0	3420	2326	3.502	3.5025	19.8	0	False	-4.246666	-4.245	-4.231667	4.25	0.4394	2.7423	3.532	3.536	-1	-0.034	3.502	0	0	0	0	0	0	0	0	0	0	0	0	0	0	0	19.8	0	0	0	0	0	0	0	0	0	0	0	0	0	0	0	0	0	0	0	0	0	0	0	0	0	0	0	0	0	0	0	0	0	0	
11/03/2022 17:52:26	0	0	8	14.99	15	0	3414	2336	3.5	3.5004	19.8	0	False	-4.248333	-4.246666	-4.231667	4.25	0.4394	2.7541	3.532	3.532	-1	-0.034	3.5	0	0	0	0	0	0	0	0	0	0	0	0	0	0	0	19.8	0	0	0	0	0	0	0	0	0	0	0	0	0	0	0	0	0	0	0	0	0	0	0	0	0	0	0	0	0	0	0	0	0	0	
11/03/2022 17:52:36	0	0	8	14.99	15	0	3412	2346	3.497	3.4979	19.8	0	False	-4.25	-4.25	-4.265	4.25	0.4394	2.7659	3.521	3.532	-1	-0.034	3.497	0	0	0	0	0	0	0	0	0	0	0	0	0	0	0	19.8	0	0	0	0	0	0	0	0	0	0	0	0	0	0	0	0	0	0	0	0	0	0	0	0	0	0	0	0	0	0	0	0	0	0	
11/03/2022 17:52:46	0	0	8	14.99	15	0	3414	2355	3.495	3.4957	19.8	0	False	-4.248333	-4.251667	-4.253334	4.25	0.4394	2.7777	3.521	3.532	-1	-0.023	3.495	0	0	0	0	0	0	0	0	0	0	0	0	0	0	0	19.8	0	0	0	0	0	0	0	0	0	0	0	0	0	0	0	0	0	0	0	0	0	0	0	0	0	0	0	0	0	0	0	0	0	0	
11/03/2022 17:52:56	0	0	8	14.98	15	0	3428	2365	3.493	3.4934	19.8	0	False	-4.248333	-4.241667	-4.241667	4.25	0.4394	2.7883	3.521	3.53	-1	-0.034	3.493	0	0	0	0	0	0	0	0	0	0	0	0	0	0	0	19.8	0	0	0	0	0	0	0	0	0	0	0	0	0	0	0	0	0	0	0	0	0	0	0	0	0	0	0	0	0	0	0	0	0	0	
11/03/2022 17:53:06	0	0	8	14.99	15	0	3414	2375	3.49	3.4908	19.8	0	False	-4.25	-4.25	-4.241667	4.25	0.4394	2.8001	3.521	3.521	-1	-0.034	3.49	0	0	0	0	0	0	0	0	0	0	0	0	0	0	0	19.8	0	0	0	0	0	0	0	0	0	0	0	0	0	0	0	0	0	0	0	0	0	0	0	0	0	0	0	0	0	0	0	0	0	0	
11/03/2022 17:53:16	0	0	8	14.98	15	0	3416	2385	3.488	3.4882	19.8	0	False	-4.248333	-4.245	-4.258333	4.25	0.4394	2.8119	3.521	3.521	-1	-0.034	3.488	0	0	0	0	0	0	0	0	0	0	0	0	0	0	0	19.8	0	0	0	0	0	0	0	0	0	0	0	0	0	0	0	0	0	0	0	0	0	0	0	0	0	0	0	0	0	0	0	0	0	0	
11/03/2022 17:53:26	0	0	8	14.98	15	0	3414	2395	3.485	3.4858	19.8	0	False	-4.246666	-4.25	-4.241667	4.25	0.4394	2.8237	3.509	3.521	-1	-0.034	3.485	0	0	0	0	0	0	0	0	0	0	0	0	0	0	0	19.8	0	0	0	0	0	0	0	0	0	0	0	0	0	0	0	0	0	0	0	0	0	0	0	0	0	0	0	0	0	0	0	0	0	0	
11/03/2022 17:53:36	0	0	8	14.99	15	0	3420	2405	3.483	3.4834	19.8	0	False	-4.246666	-4.246666	-4.241667	4.25	0.4394	2.8355	3.509	3.52	-1	-0.034	3.483	0	0	0	0	0	0	0	0	0	0	0	0	0	0	0	19.8	0	0	0	0	0	0	0	0	0	0	0	0	0	0	0	0	0	0	0	0	0	0	0	0	0	0	0	0	0	0	0	0	0	0	
11/03/2022 17:53:46	0	0	8	14.99	15	0	3422	2415	3.48	3.4808	19.8	0	False	-4.248333	-4.241667	-4.253334	4.25	0.4394	2.8473	3.509	3.512	-1	-0.046	3.48	0	0	0	0	0	0	0	0	0	0	0	0	0	0	0	19.8	0	0	0	0	0	0	0	0	0	0	0	0	0	0	0	0	0	0	0	0	0	0	0	0	0	0	0	0	0	0	0	0	0	0	
11/03/2022 17:53:56	0	0	8	14.98	15	0	3416	2425	3.478	3.4783	19.8	0	False	-4.246666	-4.246666	-4.231667	4.25	0.4394	2.8591	3.498	3.509	-1	-0.034	3.478	0	0	0	0	0	0	0	0	0	0	0	0	0	0	0	19.8	0	0	0	0	0	0	0	0	0	0	0	0	0	0	0	0	0	0	0	0	0	0	0	0	0	0	0	0	0	0	0	0	0	0	
11/03/2022 17:54:06	0	0	8	14.99	15	0	3418	2435	3.475	3.4758	19.8	0	False	-4.248333	-4.25	-4.258333	4.25	0.4394	2.8709	3.509	3.509	-1	-0.034	3.475	0	0	0	0	0	0	0	0	0	0	0	0	0	0	0	19.8	0	0	0	0	0	0	0	0	0	0	0	0	0	0	0	0	0	0	0	0	0	0	0	0	0	0	0	0	0	0	0	0	0	0	
11/03/2022 17:54:16	0	0	8	14.98	15	0	3416	2445	3.473	3.4733	19.8	0	False	-4.25	-4.25	-4.241667	4.25	0.4394	2.8826	3.498	3.509	-1	-0.023	3.473	0	0	0	0	0	0	0	0	0	0	0	0	0	0	0	19.8	0	0	0	0	0	0	0	0	0	0	0	0	0	0	0	0	0	0	0	0	0	0	0	0	0	0	0	0	0	0	0	0	0	0	
11/03/2022 17:54:26	0	0	8	14.98	15	0	3418	2455	3.47	3.4708	19.8	0	False	-4.248333	-4.246666	-4.231667	4.25	0.4394	2.8944	3.498	3.506	-1	-0.034	3.47	0	0	0	0	0	0	0	0	0	0	0	0	0	0	0	19.8	0	0	0	0	0	0	0	0	0	0	0	0	0	0	0	0	0	0	0	0	0	0	0	0	0	0	0	0	0	0	0	0	0	0	
11/03/2022 17:54:36	0	0	8	14.98	15	0	3424	2465	3.468	3.4683	19.8	0	False	-4.251667	-4.243333	-4.241667	4.25	0.4394	2.9062	3.486	3.498	-1	-0.034	3.468	0	0	0	0	0	0	0	0	0	0	0	0	0	0	0	19.8	0	0	0	0	0	0	0	0	0	0	0	0	0	0	0	0	0	0	0	0	0	0	0	0	0	0	0	0	0	0	0	0	0	0	
11/03/2022 17:54:46	0	0	8	14.98	15	0	3414	2475	3.465	3.4658	19.8	0	False	-4.25	-4.248333	-4.241667	4.25	0.4394	2.918	3.486	3.498	-1	-0.023	3.465	0	0	0	0	0	0	0	0	0	0	0	0	0	0	0	19.8	0	0	0	0	0	0	0	0	0	0	0	0	0	0	0	0	0	0	0	0	0	0	0	0	0	0	0	0	0	0	0	0	0	0	
11/03/2022 17:54:56	0	0	8	14.99	15	0	3412	2485	3.463	3.4633	19.8	0	False	-4.25	-4.25	-4.215	4.25	0.4394	2.9298	3.486	3.498	-1	-0.034	3.463	0	0	0	0	0	0	0	0	0	0	0	0	0	0	0	19.8	0	0	0	0	0	0	0	0	0	0	0	0	0	0	0	0	0	0	0	0	0	0	0	0	0	0	0	0	0	0	0	0	0	0	
11/03/2022 17:55:06	0	0	8	14.99	15	0	3412	2495	3.46	3.4606	19.8	0	False	-4.25	-4.253334	-4.253334	4.25	0.4394	2.9417	3.486	3.498	-1	-0.034	3.46	0	0	0	0	0	0	0	0	0	0	0	0	0	0	0	19.8	0	0	0	0	0	0	0	0	0	0	0	0	0	0	0	0	0	0	0	0	0	0	0	0	0	0	0	0	0	0	0	0	0	0	
11/03/2022 17:55:16	0	0	8	14.98	15	0	3412	2505	3.457	3.4571	19.8	0	False	-4.25	-4.25	-4.22	4.25	0.4394	2.9534	3.486	3.486	-1	-0.034	3.457	0	0	0	0	0	0	0	0	0	0	0	0	0	0	0	19.8	0	0	0	0	0	0	0	0	0	0	0	0	0	0	0	0	0	0	0	0	0	0	0	0	0	0	0	0	0	0	0	0	0	0	
11/03/2022 17:55:26	0	0	8	14.98	15	0	3420	2515	3.454	3.4546	19.8	0	False	-4.248333	-4.245	-4.258333	4.25	0.4394	2.9652	3.486	3.486	-1	-0.034	3.454	0	0	0	0	0	0	0	0	0	0	0	0	0	0	0	19.8	0	0	0	0	0	0	0	0	0	0	0	0	0	0	0	0	0	0	0	0	0	0	0	0	0	0	0	0	0	0	0	0	0	0	
11/03/2022 17:55:36	0	0	8	14.98	15	0	3416	2525	3.451	3.4521	19.8	0	False	-4.25	-4.248333	-4.236667	4.25	0.4394	2.977	3.475	3.486	-1	-0.023	3.451	0	0	0	0	0	0	0	0	0	0	0	0	0	0	0	19.8	0	0	0	0	0	0	0	0	0	0	0	0	0	0	0	0	0	0	0	0	0	0	0	0	0	0	0	0	0	0	0	0	0	0	
11/03/2022 17:55:46	0	0	8	14.98	15	0	3424	2535	3.449	3.4494	19.8	0	False	-4.25	-4.243333	-4.258333	4.25	0.4394	2.9888	3.475	3.486	-1	-0.034	3.449	0	0	0	0	0	0	0	0	0	0	0	0	0	0	0	19.8	0	0	0	0	0	0	0	0	0	0	0	0	0	0	0	0	0	0	0	0	0	0	0	0	0	0	0	0	0	0	0	0	0	0	
11/03/2022 17:55:56	0	0	8	14.98	15	0	3418	2545	3.446	3.4469	19.8	0	False	-4.25	-4.243333	-4.253334	4.25	0.4394	3.0006	3.475	3.475	-1	-0.034	3.446	0	0	0	0	0	0	0	0	0	0	0	0	0	0	0	19.8	0	0	0	0	0	0	0	0	0	0	0	0	0	0	0	0	0	0	0	0	0	0	0	0	0	0	0	0	0	0	0	0	0	0	
11/03/2022 17:56:06	0	0	8	14.99	15	0	3420	2555	3.443	3.4437	19.8	0	False	-4.246666	-4.246666	-4.258333	4.25	0.4394	3.0124	3.463	3.475	-1	-0.023	3.443	0	0	0	0	0	0	0	0	0	0	0	0	0	0	0	19.8	0	0	0	0	0	0	0	0	0	0	0	0	0	0	0	0	0	0	0	0	0	0	0	0	0	0	0	0	0	0	0	0	0	0	
11/03/2022 17:56:16	0	0	8	14.98	15	0	3410	2564	3.44	3.4408	19.8	0	False	-4.248333	-4.253334	-4.253334	4.25	0.4394	3.0242	3.463	3.475	-1	-0.023	3.44	0	0	0	0	0	0	0	0	0	0	0	0	0	0	0	19.8	0	0	0	0	0	0	0	0	0	0	0	0	0	0	0	0	0	0	0	0	0	0	0	0	0	0	0	0	0	0	0	0	0	0	
11/03/2022 17:56:26	0	0	8	14.99	15	0	3416	2574	3.438	3.4383	19.8	0	False	-4.245	-4.248333	-4.258333	4.25	0.4394	3.0348	3.463	3.473	-1	-0.023	3.438	0	0	0	0	0	0	0	0	0	0	0	0	0	0	0	19.8	0	0	0	0	0	0	0	0	0	0	0	0	0	0	0	0	0	0	0	0	0	0	0	0	0	0	0	0	0	0	0	0	0	0	
11/03/2022 17:56:36	0	0	8	14.98	15	0	3410	2584	3.434	3.4351	19.8	0	False	-4.246666	-4.251667	-4.265	4.25	0.4394	3.0466	3.463	3.463	-1	-0.034	3.434	0	0	0	0	0	0	0	0	0	0	0	0	0	0	0	19.8	0	0	0	0	0	0	0	0	0	0	0	0	0	0	0	0	0	0	0	0	0	0	0	0	0	0	0	0	0	0	0	0	0	0	
11/03/2022 17:56:46	0	0	8	14.99	15	0	3416	2594	3.431	3.432	19.8	0	False	-4.25	-4.245	-4.236667	4.25	0.4394	3.0584	3.452	3.463	-1	-0.023	3.431	0	0	0	0	0	0	0	0	0	0	0	0	0	0	0	19.8	0	0	0	0	0	0	0	0	0	0	0	0	0	0	0	0	0	0	0	0	0	0	0	0	0	0	0	0	0	0	0	0	0	0	
11/03/2022 17:56:56	0	0	8	14.98	15	0	3410	2604	3.429	3.4292	19.8	0	False	-4.245	-4.25	-4.265	4.25	0.4394	3.0702	3.463	3.463	-1	-0.023	3.429	0	0	0	0	0	0	0	0	0	0	0	0	0	0	0	19.8	0	0	0	0	0	0	0	0	0	0	0	0	0	0	0	0	0	0	0	0	0	0	0	0	0	0	0	0	0	0	0	0	0	0	
11/03/2022 17:57:06	0	0	8	14.99	15	0	3424	2614	3.425	3.4258	19.8	0	False	-4.251667	-4.24	-4.265	4.25	0.4394	3.082	3.452	3.463	-1	-0.034	3.425	0	0	0	0	0	0	0	0	0	0	0	0	0	0	0	19.8	0	0	0	0	0	0	0	0	0	0	0	0	0	0	0	0	0	0	0	0	0	0	0	0	0	0	0	0	0	0	0	0	0	0	
11/03/2022 17:57:16	0	0	8	14.98	15	0	3422	2624	3.422	3.4227	19.8	0	False	-4.248333	-4.243333	-4.265	4.25	0.4394	3.0938	3.452	3.452	-1	-0.023	3.422	0	0	0	0	0	0	0	0	0	0	0	0	0	0	0	19.8	0	0	0	0	0	0	0	0	0	0	0	0	0	0	0	0	0	0	0	0	0	0	0	0	0	0	0	0	0	0	0	0	0	0	
11/03/2022 17:57:26	0	0	8	14.98	15	0	3422	2634	3.419	3.4196	19.8	0	False	-4.246666	-4.245	-4.241667	4.25	0.4394	3.1056	3.44	3.452	-1	-0.023	3.419	0	0	0	0	0	0	0	0	0	0	0	0	0	0	0	19.8	0	0	0	0	0	0	0	0	0	0	0	0	0	0	0	0	0	0	0	0	0	0	0	0	0	0	0	0	0	0	0	0	0	0	
11/03/2022 17:57:36	0	0	8	14.98	15	0	3412	2644	3.416	3.4163	19.8	0	False	-4.248333	-4.253334	-4.265	4.25	0.4394	3.1174	3.44	3.452	-1	-0.023	3.416	0	0	0	0	0	0	0	0	0	0	0	0	0	0	0	19.8	0	0	0	0	0	0	0	0	0	0	0	0	0	0	0	0	0	0	0	0	0	0	0	0	0	0	0	0	0	0	0	0	0	0	
11/03/2022 17:57:46	0	0	8	14.98	15	0	3422	2654	3.413	3.4132	19.8	0	False	-4.248333	-4.24	-4.236667	4.25	0.4394	3.1292	3.44	3.449	-1	-0.023	3.413	0	0	0	0	0	0	0	0	0	0	0	0	0	0	0	19.8	0	0	0	0	0	0	0	0	0	0	0	0	0	0	0	0	0	0	0	0	0	0	0	0	0	0	0	0	0	0	0	0	0	0	
11/03/2022 17:57:56	0	0	8	14.99	15	0	3416	2664	3.409	3.4096	19.8	0	False	-4.246666	-4.253334	-4.236667	4.25	0.4394	3.141	3.44	3.44	-1	-0.023	3.409	0	0	0	0	0	0	0	0	0	0	0	0	0	0	0	19.8	0	0	0	0	0	0	0	0	0	0	0	0	0	0	0	0	0	0	0	0	0	0	0	0	0	0	0	0	0	0	0	0	0	0	
11/03/2022 17:58:06	0	0	8	14.98	15	0	3418	2674	3.406	3.4068	19.8	0	False	-4.25	-4.248333	-4.258333	4.25	0.4394	3.1528	3.429	3.44	-1	-0.023	3.406	0	0	0	0	0	0	0	0	0	0	0	0	0	0	0	19.8	0	0	0	0	0	0	0	0	0	0	0	0	0	0	0	0	0	0	0	0	0	0	0	0	0	0	0	0	0	0	0	0	0	0	
11/03/2022 17:58:16	0	0	8	14.99	15	0	3420	2684	3.403	3.4033	19.8	0	False	-4.251667	-4.246666	-4.231667	4.25	0.4394	3.1646	3.429	3.44	-1	-0.034	3.403	0	0	0	0	0	0	0	0	0	0	0	0	0	0	0	19.8	0	0	0	0	0	0	0	0	0	0	0	0	0	0	0	0	0	0	0	0	0	0	0	0	0	0	0	0	0	0	0	0	0	0	
11/03/2022 17:58:26	0	0	8	14.98	15	0	3414	2694	3.398	3.3983	19.8	0	False	-4.246666	-4.251667	-4.241667	4.25	0.4394	3.1764	3.429	3.429	-1	-0.034	3.398	0	0	0	0	0	0	0	0	0	0	0	0	0	0	0	19.8	0	0	0	0	0	0	0	0	0	0	0	0	0	0	0	0	0	0	0	0	0	0	0	0	0	0	0	0	0	0	0	0	0	0	
11/03/2022 17:58:36	0	0	8	14.98	15	0	3412	2704	3.395	3.3951	19.8	0	False	-4.246666	-4.246666	-4.258333	4.25	0.4394	3.1882	3.417	3.429	-1	-0.023	3.395	0	0	0	0	0	0	0	0	0	0	0	0	0	0	0	19.8	0	0	0	0	0	0	0	0	0	0	0	0	0	0	0	0	0	0	0	0	0	0	0	0	0	0	0	0	0	0	0	0	0	0	
11/03/2022 17:58:46	0	0	8	14.98	15	0	3414	2714	3.391	3.3918	19.8	0	False	-4.248333	-4.245	-4.236667	4.25	0.4394	3.2	3.406	3.425	-1	-0.023	3.391	0	0	0	0	0	0	0	0	0	0	0	0	0	0	0	19.8	0	0	0	0	0	0	0	0	0	0	0	0	0	0	0	0	0	0	0	0	0	0	0	0	0	0	0	0	0	0	0	0	0	0	
11/03/2022 17:58:56	0	0	8	14.99	15	0	3416	2724	3.388	3.3882	19.8	0	False	-4.245	-4.245	-4.241667	4.25	0.4394	3.2118	3.417	3.417	-1	-0.034	3.388	0	0	0	0	0	0	0	0	0	0	0	0	0	0	0	19.8	0	0	0	0	0	0	0	0	0	0	0	0	0	0	0	0	0	0	0	0	0	0	0	0	0	0	0	0	0	0	0	0	0	0	
11/03/2022 17:59:06	0	0	8	14.98	15	0	3414	2734	3.384	3.3844	19.8	0	False	-4.245	-4.246666	-4.258333	4.25	0.4394	3.2236	3.406	3.417	-1	-0.034	3.384	0	0	0	0	0	0	0	0	0	0	0	0	0	0	0	19.8	0	0	0	0	0	0	0	0	0	0	0	0	0	0	0	0	0	0	0	0	0	0	0	0	0	0	0	0	0	0	0	0	0	0	
11/03/2022 17:59:16	0	0	8	14.99	15	0	3408	2744	3.38	3.3807	19.8	0	False	-4.246666	-4.255	-4.258333	4.25	0.4394	3.2354	3.406	3.417	-1	-0.034	3.38	0	0	0	0	0	0	0	0	0	0	0	0	0	0	0	19.8	0	0	0	0	0	0	0	0	0	0	0	0	0	0	0	0	0	0	0	0	0	0	0	0	0	0	0	0	0	0	0	0	0	0	
11/03/2022 17:59:26	0	0	8	14.99	15	0	3414	2754	3.376	3.3769	19.8	0	False	-4.246666	-4.246666	-4.236667	4.25	0.4394	3.2471	3.394	3.406	-1	-0.034	3.376	0	0	0	0	0	0	0	0	0	0	0	0	0	0	0	19.8	0	0	0	0	0	0	0	0	0	0	0	0	0	0	0	0	0	0	0	0	0	0	0	0	0	0	0	0	0	0	0	0	0	0	
11/03/2022 17:59:36	0	0	8	14.98	15	0	3416	2764	3.372	3.3727	19.8	0	False	-4.246666	-4.245	-4.241667	4.25	0.4394	3.2589	3.394	3.406	-1	-0.023	3.372	0	0	0	0	0	0	0	0	0	0	0	0	0	0	0	19.8	0	0	0	0	0	0	0	0	0	0	0	0	0	0	0	0	0	0	0	0	0	0	0	0	0	0	0	0	0	0	0	0	0	0	
11/03/2022 17:59:46	0	0	8	14.98	15	0	3414	2773	3.368	3.3683	19.8	0	False	-4.248333	-4.25	-4.253334	4.25	0.4394	3.2707	3.394	3.406	-1	-0.034	3.368	0	0	0	0	0	0	0	0	0	0	0	0	0	0	0	19.8	0	0	0	0	0	0	0	0	0	0	0	0	0	0	0	0	0	0	0	0	0	0	0	0	0	0	0	0	0	0	0	0	0	0	
11/03/2022 17:59:56	0	0	8	14.98	15	0	3408	2783	3.364	3.3646	19.8	0	False	-4.246666	-4.253334	-4.253334	4.25	0.4394	3.2813	3.394	3.394	-1	-0.034	3.364	0	0	0	0	0	0	0	0	0	0	0	0	0	0	0	19.8	0	0	0	0	0	0	0	0	0	0	0	0	0	0	0	0	0	0	0	0	0	0	0	0	0	0	0	0	0	0	0	0	0	0	
11/03/2022 18:00:06	0	0	8	14.98	15	0	3418	2793	3.359	3.3596	19.8	0	False	-4.246666	-4.25	-4.241667	4.25	0.4394	3.2931	3.383	3.394	-1	-0.034	3.359	0	0	0	0	0	0	0	0	0	0	0	0	0	0	0	19.8	0	0	0	0	0	0	0	0	0	0	0	0	0	0	0	0	0	0	0	0	0	0	0	0	0	0	0	0	0	0	0	0	0	0	
11/03/2022 18:00:16	0	0	8	14.99	15	0	3420	2803	3.355	3.3555	19.8	0	False	-4.251667	-4.243333	-4.241667	4.25	0.4394	3.3049	3.371	3.391	-1	-0.034	3.355	0	0	0	0	0	0	0	0	0	0	0	0	0	0	0	19.8	0	0	0	0	0	0	0	0	0	0	0	0	0	0	0	0	0	0	0	0	0	0	0	0	0	0	0	0	0	0	0	0	0	0	
11/03/2022 18:00:26	0	0	8	14.98	15	0	3414	2813	3.35	3.3507	19.8	0	False	-4.25	-4.241667	-4.241667	4.25	0.4394	3.3167	3.383	3.383	-1	-0.023	3.35	0	0	0	0	0	0	0	0	0	0	0	0	0	0	0	19.8	0	0	0	0	0	0	0	0	0	0	0	0	0	0	0	0	0	0	0	0	0	0	0	0	0	0	0	0	0	0	0	0	0	0	
11/03/2022 18:00:36	0	0	8	14.98	15	0	3416	2823	3.345	3.3456	19.8	0	False	-4.245	-4.245	-4.215	4.25	0.4394	3.3285	3.371	3.382	-1	-0.034	3.345	0	0	0	0	0	0	0	0	0	0	0	0	0	0	0	19.8	0	0	0	0	0	0	0	0	0	0	0	0	0	0	0	0	0	0	0	0	0	0	0	0	0	0	0	0	0	0	0	0	0	0	
11/03/2022 18:00:46	0	0	8	14.98	15	0	3418	2833	3.34	3.3406	19.8	0	False	-4.248333	-4.245	-4.258333	4.25	0.4394	3.3403	3.349	3.371	-1	-0.023	3.34	0	0	0	0	0	0	0	0	0	0	0	0	0	0	0	19.8	0	0	0	0	0	0	0	0	0	0	0	0	0	0	0	0	0	0	0	0	0	0	0	0	0	0	0	0	0	0	0	0	0	0	
11/03/2022 18:00:56	0	0	8	14.98	15	0	3420	2843	3.334	3.3346	19.8	0	False	-4.246666	-4.248333	-4.253334	4.25	0.4394	3.3521	3.36	3.371	-1	-0.034	3.334	0	0	0	0	0	0	0	0	0	0	0	0	0	0	0	19.8	0	0	0	0	0	0	0	0	0	0	0	0	0	0	0	0	0	0	0	0	0	0	0	0	0	0	0	0	0	0	0	0	0	0	
11/03/2022 18:01:06	0	0	8	14.98	15	0	3422	2853	3.329	3.3293	19.8	0	False	-4.245	-4.243333	-4.236667	4.25	0.4394	3.3639	3.36	3.36	-1	-0.023	3.329	0	0	0	0	0	0	0	0	0	0	0	0	0	0	0	19.8	0	0	0	0	0	0	0	0	0	0	0	0	0	0	0	0	0	0	0	0	0	0	0	0	0	0	0	0	0	0	0	0	0	0	
11/03/2022 18:01:16	0	0	8	14.98	15	0	3416	2863	3.323	3.3232	19.8	0	False	-4.248333	-4.25	-4.258333	4.25	0.4394	3.3757	3.349	3.36	-1	-0.034	3.323	0	0	0	0	0	0	0	0	0	0	0	0	0	0	0	19.8	0	0	0	0	0	0	0	0	0	0	0	0	0	0	0	0	0	0	0	0	0	0	0	0	0	0	0	0	0	0	0	0	0	0	
11/03/2022 18:01:26	0	0	8	14.98	15	0	3418	2873	3.317	3.3175	19.8	0	False	-4.245	-4.243333	-4.241667	4.25	0.4394	3.3875	3.349	3.349	-1	-0.023	3.317	0	0	0	0	0	0	0	0	0	0	0	0	0	0	0	19.8	0	0	0	0	0	0	0	0	0	0	0	0	0	0	0	0	0	0	0	0	0	0	0	0	0	0	0	0	0	0	0	0	0	0	
11/03/2022 18:01:36	0	0	8	14.98	15	0	3416	2883	3.31	3.311	19.8	0	False	-4.246666	-4.245	-4.241667	4.25	0.4394	3.3993	3.337	3.348	-1	-0.034	3.31	0	0	0	0	0	0	0	0	0	0	0	0	0	0	0	19.8	0	0	0	0	0	0	0	0	0	0	0	0	0	0	0	0	0	0	0	0	0	0	0	0	0	0	0	0	0	0	0	0	0	0	
11/03/2022 18:01:46	0	0	8	14.98	15	0	3418	2893	3.304	3.3045	19.8	0	False	-4.246666	-4.243333	-4.22	4.25	0.4394	3.4111	3.326	3.337	-1	-0.034	3.304	0	0	0	0	0	0	0	0	0	0	0	0	0	0	0	19.8	0	0	0	0	0	0	0	0	0	0	0	0	0	0	0	0	0	0	0	0	0	0	0	0	0	0	0	0	0	0	0	0	0	0	
11/03/2022 18:01:56	0	0	8	14.98	15	0	3428	2903	3.297	3.2979	19.8	0	False	-4.248333	-4.243333	-4.258333	4.25	0.4394	3.4229	3.326	3.326	-1	-0.034	3.297	0	0	0	0	0	0	0	0	0	0	0	0	0	0	0	19.8	0	0	0	0	0	0	0	0	0	0	0	0	0	0	0	0	0	0	0	0	0	0	0	0	0	0	0	0	0	0	0	0	0	0	
11/03/2022 18:02:06	0	0	8	14.98	15	0	3418	2913	3.29	3.2907	19.8	0	False	-4.248333	-4.245	-4.236667	4.25	0.4394	3.4347	3.314	3.326	-1	-0.023	3.29	0	0	0	0	0	0	0	0	0	0	0	0	0	0	0	19.8	0	0	0	0	0	0	0	0	0	0	0	0	0	0	0	0	0	0	0	0	0	0	0	0	0	0	0	0	0	0	0	0	0	0	
11/03/2022 18:02:16	0	0	8	14.99	15	0	3416	2923	3.283	3.2833	19.8	0	False	-4.246666	-4.243333	-4.258333	4.25	0.4394	3.4465	3.303	3.314	-1	-0.023	3.283	0	0	0	0	0	0	0	0	0	0	0	0	0	0	0	19.8	0	0	0	0	0	0	0	0	0	0	0	0	0	0	0	0	0	0	0	0	0	0	0	0	0	0	0	0	0	0	0	0	0	0	
11/03/2022 18:02:26	0	0	8	14.98	15	0	3414	2933	3.275	3.2758	19.8	0	False	-4.246666	-4.246666	-4.215	4.25	0.4394	3.4583	3.303	3.308	-1	-0.034	3.275	0	0	0	0	0	0	0	0	0	0	0	0	0	0	0	19.8	0	0	0	0	0	0	0	0	0	0	0	0	0	0	0	0	0	0	0	0	0	0	0	0	0	0	0	0	0	0	0	0	0	0	
11/03/2022 18:02:36	0	0	8	14.98	15	0	3412	2943	3.268	3.2682	19.8	0	False	-4.25	-4.246666	-4.231667	4.25	0.4394	3.4701	3.291	3.303	-1	-0.023	3.268	0	0	0	0	0	0	0	0	0	0	0	0	0	0	0	19.8	0	0	0	0	0	0	0	0	0	0	0	0	0	0	0	0	0	0	0	0	0	0	0	0	0	0	0	0	0	0	0	0	0	0	
11/03/2022 18:02:46	0	0	8	14.98	15	0	3418	2953	3.259	3.2592	19.8	0	False	-4.25	-4.246666	-4.236667	4.25	0.4394	3.4819	3.291	3.291	-1	-0.023	3.259	0	0	0	0	0	0	0	0	0	0	0	0	0	0	0	19.8	0	0	0	0	0	0	0	0	0	0	0	0	0	0	0	0	0	0	0	0	0	0	0	0	0	0	0	0	0	0	0	0	0	0	
11/03/2022 18:02:56	0	0	8	14.98	15	0	3416	2963	3.25	3.2508	19.8	0	False	-4.246666	-4.243333	-4.253334	4.25	0.4394	3.4937	3.28	3.28	-1	-0.023	3.25	0	0	0	0	0	0	0	0	0	0	0	0	0	0	0	19.8	0	0	0	0	0	0	0	0	0	0	0	0	0	0	0	0	0	0	0	0	0	0	0	0	0	0	0	0	0	0	0	0	0	0	
11/03/2022 18:03:06	0	0	8	14.98	15	0	3410	2972	3.242	3.2423	19.8	0	False	-4.248333	-4.255	-4.231667	4.25	0.4394	3.5055	3.268	3.274	-1	-0.023	3.242	0	0	0	0	0	0	0	0	0	0	0	0	0	0	0	19.8	0	0	0	0	0	0	0	0	0	0	0	0	0	0	0	0	0	0	0	0	0	0	0	0	0	0	0	0	0	0	0	0	0	0	
11/03/2022 18:03:16	0	0	8	14.98	15	0	3416	2982	3.233	3.2334	19.8	0	False	-4.246666	-4.248333	-4.265	4.25	0.4394	3.5162	3.257	3.267	-1	-0.023	3.233	0	0	0	0	0	0	0	0	0	0	0	0	0	0	0	19.8	0	0	0	0	0	0	0	0	0	0	0	0	0	0	0	0	0	0	0	0	0	0	0	0	0	0	0	0	0	0	0	0	0	0	
11/03/2022 18:03:26	0	0	8	14.98	15	0	3418	2992	3.224	3.2245	19.8	0	False	-4.248333	-4.248333	-4.253334	4.25	0.4394	3.5279	3.245	3.257	-1	-0.023	3.224	0	0	0	0	0	0	0	0	0	0	0	0	0	0	0	19.8	0	0	0	0	0	0	0	0	0	0	0	0	0	0	0	0	0	0	0	0	0	0	0	0	0	0	0	0	0	0	0	0	0	0	
11/03/2022 18:03:36	0	0	8	14.99	15	0	3412	3002	3.215	3.2156	19.8	0	False	-4.245	-4.25	-4.241667	4.25	0.4394	3.5397	3.234	3.245	-1	-0.023	3.215	0	0	0	0	0	0	0	0	0	0	0	0	0	0	0	19.8	0	0	0	0	0	0	0	0	0	0	0	0	0	0	0	0	0	0	0	0	0	0	0	0	0	0	0	0	0	0	0	0	0	0	
11/03/2022 18:03:46	0	0	8	14.99	15	0	3414	3012	3.206	3.2063	19.8	0	False	-4.246666	-4.255	-4.236667	4.25	0.4394	3.5515	3.234	3.238	-1	-0.034	3.206	0	0	0	0	0	0	0	0	0	0	0	0	0	0	0	19.8	0	0	0	0	0	0	0	0	0	0	0	0	0	0	0	0	0	0	0	0	0	0	0	0	0	0	0	0	0	0	0	0	0	0	
11/03/2022 18:03:56	0	0	8	14.99	15	0	3408	3022	3.196	3.1969	19.8	0	False	-4.248333	-4.253334	-4.253334	4.25	0.4394	3.5633	3.222	3.232	-1	-0.034	3.196	0	0	0	0	0	0	0	0	0	0	0	0	0	0	0	19.8	0	0	0	0	0	0	0	0	0	0	0	0	0	0	0	0	0	0	0	0	0	0	0	0	0	0	0	0	0	0	0	0	0	0	
11/03/2022 18:04:06	0	0	8	14.98	15	0	3414	3032	3.186	3.1868	19.8	0	False	-4.246666	-4.248333	-4.241667	4.25	0.4394	3.5751	3.199	3.222	-1	-0.023	3.186	0	0	0	0	0	0	0	0	0	0	0	0	0	0	0	19.8	0	0	0	0	0	0	0	0	0	0	0	0	0	0	0	0	0	0	0	0	0	0	0	0	0	0	0	0	0	0	0	0	0	0	
11/03/2022 18:04:16	0	0	8	14.98	15	0	3416	3042	3.176	3.1767	19.8	0	False	-4.251667	-4.248333	-4.276667	4.25	0.4394	3.5869	3.199	3.21	-1	-0.023	3.176	0	0	0	0	0	0	0	0	0	0	0	0	0	0	0	19.8	0	0	0	0	0	0	0	0	0	0	0	0	0	0	0	0	0	0	0	0	0	0	0	0	0	0	0	0	0	0	0	0	0	0	
11/03/2022 18:04:26	0	0	8	14.98	15	0	3422	3052	3.166	3.1661	19.8	0	False	-4.248333	-4.245	-4.241667	4.25	0.4394	3.5987	3.188	3.199	-1	-0.023	3.166	0	0	0	0	0	0	0	0	0	0	0	0	0	0	0	19.8	0	0	0	0	0	0	0	0	0	0	0	0	0	0	0	0	0	0	0	0	0	0	0	0	0	0	0	0	0	0	0	0	0	0	
11/03/2022 18:04:36	0	0	8	14.98	15	0	3416	3062	3.155	3.1556	19.8	0	False	-4.243333	-4.246666	-4.236667	4.25	0.4394	3.6105	3.177	3.187	-1	-0.023	3.155	0	0	0	0	0	0	0	0	0	0	0	0	0	0	0	19.8	0	0	0	0	0	0	0	0	0	0	0	0	0	0	0	0	0	0	0	0	0	0	0	0	0	0	0	0	0	0	0	0	0	0	
11/03/2022 18:04:46	0	0	8	14.98	15	0	3418	3072	3.144	3.1444	19.8	0	False	-4.246666	-4.246666	-4.241667	4.25	0.4394	3.6223	3.165	3.177	-1	-0.034	3.144	0	0	0	0	0	0	0	0	0	0	0	0	0	0	0	19.8	0	0	0	0	0	0	0	0	0	0	0	0	0	0	0	0	0	0	0	0	0	0	0	0	0	0	0	0	0	0	0	0	0	0	
11/03/2022 18:04:56	0	0	8	14.98	15	0	3416	3082	3.133	3.1331	19.8	0	False	-4.25	-4.251667	-4.253334	4.25	0.4394	3.6342	3.154	3.164	-1	-0.034	3.133	0	0	0	0	0	0	0	0	0	0	0	0	0	0	0	19.8	0	0	0	0	0	0	0	0	0	0	0	0	0	0	0	0	0	0	0	0	0	0	0	0	0	0	0	0	0	0	0	0	0	0	
11/03/2022 18:05:06	0	0	8	14.98	15	0	3414	3092	3.12	3.1201	19.8	0	False	-4.248333	-4.246666	-4.236667	4.25	0.4394	3.646	3.142	3.152	-1	-0.023	3.12	0	0	0	0	0	0	0	0	0	0	0	0	0	0	0	19.8	0	0	0	0	0	0	0	0	0	0	0	0	0	0	0	0	0	0	0	0	0	0	0	0	0	0	0	0	0	0	0	0	0	0	
11/03/2022 18:05:16	0	0	8	14.98	15	0	3412	3102	3.107	3.1078	19.8	0	False	-4.25	-4.248333	-4.253334	4.25	0.4394	3.6578	3.131	3.142	-1	-0.023	3.107	0	0	0	0	0	0	0	0	0	0	0	0	0	0	0	19.8	0	0	0	0	0	0	0	0	0	0	0	0	0	0	0	0	0	0	0	0	0	0	0	0	0	0	0	0	0	0	0	0	0	0	
11/03/2022 18:05:26	0	0	8	14.98	15	0	3418	3110	3.097	3.0979	19.8	0	False	-4.25	-4.243333	-4.236667	4.25	0.4394	3.6672	3.119	3.131	-1	-0.023	3.097	0	0	0	0	0	0	0	0	0	0	0	0	0	0	0	19.8	0	0	0	0	0	0	0	0	0	0	0	0	0	0	0	0	0	0	0	0	0	0	0	0	0	0	0	0	0	0	0	0	0	0	
11/03/2022 18:05:36	0	0	8	14.99	15	0	3412	3122	3.082	3.0822	19.8	0	False	-4.246666	-4.245	-4.236667	4.25	0.4394	3.6814	3.108	3.113	-1	-0.023	3.082	0	0	0	0	0	0	0	0	0	0	0	0	0	0	0	19.8	0	0	0	0	0	0	0	0	0	0	0	0	0	0	0	0	0	0	0	0	0	0	0	0	0	0	0	0	0	0	0	0	0	0	
11/03/2022 18:05:46	0	0	8	14.98	15	0	3410	3132	3.068	3.069	19.8	0	False	-4.25	-4.253334	-4.253334	4.25	0.4394	3.6932	3.085	3.096	-1	-0.023	3.068	0	0	0	0	0	0	0	0	0	0	0	0	0	0	0	19.8	0	0	0	0	0	0	0	0	0	0	0	0	0	0	0	0	0	0	0	0	0	0	0	0	0	0	0	0	0	0	0	0	0	0	
