DateTime	SlaveNum	Cycle	Mode	SupplyVolts	LSupplyVolts	SupplyAmps	PWM	SecTimer	AvgCellVolts	MaxCellVolts	AvgIR	FallBackVolts	CVStarted	SlowAmps	AvgAmps	FastAmps	SetAmps	AhrIN	AhrOUT	PackVolts	AvgPackVolts	Fuel1	SumError	Cell1Volts	Cell2Volts	Cell3Volts	Cell4Volts	Cell5Volts	Cell6Volts	Cell7Volts	Cell8Volts	Cell9Volts	Cell10Volts	Cell11Volts	Cell12Volts	Cell13Volts	Cell14Volts	Cell15Volts	Cell16Volts	Cell1IR	Cell2IR	Cell3IR	Cell4IR	Cell5IR	Cell6IR	Cell7IR	Cell8IR	Cell9IR	Cell10IR	Cell11IR	Cell12IR	Cell13IR	Cell14IR	Cell15IR	Cell16IR	BP1PWM	BP2PWM	BP3PWM	BP4PWM	BP5PWM	BP6PWM	BP7PWM	BP8PWM	BP9PWM	BP10PWM	BP11PWM	BP12PWM	BP13PWM	BP14PWM	BP15PWM	BP16PWM	Debug1	Debug2	Debug3	
11/03/2022 19:51:31	0	0	6	15.02	15.03	1.1	2139	14	3.569	3.5696	0	0	False	0.01	0.5566667	4.295	4.2	0.0009	0	3.601	3.589	57.5	-0.023	3.569	0	0	0	0	0	0	0	0	0	0	0	0	0	0	0	21.3	0	0	0	0	0	0	0	0	0	0	0	0	0	0	0	0	0	0	0	0	0	0	0	0	0	0	0	0	0	0	0	0	0	0	
11/03/2022 19:51:41	0	0	6	15.02	15.03	1.1	2151	24	3.596	3.5971	21.2	0	False	3.951667	4.175	4.125	4.2	0.0125	0	3.624	3.624	59.1	-0.023	3.596	0	0	0	0	0	0	0	0	0	0	0	0	0	0	0	21.2	0	0	0	0	0	0	0	0	0	0	0	0	0	0	0	0	0	0	0	0	0	0	0	0	0	0	0	0	0	0	0	0	0	0	
11/03/2022 19:51:43	0	0	6	15.02	15.03	1.1	2153	26	3.6	3.6009	21.2	0	False	3.976667	4.186666	4.186666	4.2	0.0148	0	3.635	3.635	59.3	-0.023	3.6	0	0	0	0	0	0	0	0	0	0	0	0	0	0	0	21.2	0	0	0	0	0	0	0	0	0	0	0	0	0	0	0	0	0	0	0	0	0	0	0	0	0	0	0	0	0	0	0	0	0	0	
11/03/2022 19:51:51	0	0	6	15.02	15.03	1.1	2159	34	3.608	3.6084	21.2	0	False	4.058333	4.196667	4.303333	4.2	0.0241	0	3.635	3.635	59.7	-0.034	3.608	0	0	0	0	0	0	0	0	0	0	0	0	0	0	0	21.2	0	0	0	0	0	0	0	0	0	0	0	0	0	0	0	0	0	0	0	0	0	0	0	0	0	0	0	0	0	0	0	0	0	0	
11/03/2022 19:52:01	0	0	6	15.02	15.03	1.1	2165	44	3.615	3.6159	21.2	0	False	4.113333	4.196667	4.281667	4.2	0.0357	0	3.647	3.647	60.1	-0.023	3.615	0	0	0	0	0	0	0	0	0	0	0	0	0	0	0	21.2	0	0	0	0	0	0	0	0	0	0	0	0	0	0	0	0	0	0	0	0	0	0	0	0	0	0	0	0	0	0	0	0	0	0	
11/03/2022 19:52:11	0	0	6	15.02	15.03	1.1	2169	54	3.623	3.6221	21.3	0	False	4.148334	4.201667	4.181667	4.2	0.0474	0	3.647	3.647	60.4	-0.023	3.623	0	0	0	0	0	0	0	0	0	0	0	0	0	0	0	21.3	0	0	0	0	0	0	0	0	0	0	0	0	0	0	0	0	0	0	0	0	0	0	0	0	0	0	0	0	0	0	0	0	0	0	
11/03/2022 19:52:21	0	0	6	15.02	15.03	1.1	2169	64	3.626	3.6271	21.2	0	False	4.166667	4.18	4.133333	4.2	0.059	0	3.658	3.658	60.7	-0.034	3.626	0	0	0	0	0	0	0	0	0	0	0	0	0	0	0	21.2	0	0	0	0	0	0	0	0	0	0	0	0	0	0	0	0	0	0	0	0	0	0	0	0	0	0	0	0	0	0	0	0	0	0	
11/03/2022 19:52:31	0	0	6	15.02	15.03	1.1	2171	74	3.631	3.6321	21.2	0	False	4.18	4.18	4.17	4.2	0.0707	0	3.658	3.66	60.9	-0.023	3.631	0	0	0	0	0	0	0	0	0	0	0	0	0	0	0	21.2	0	0	0	0	0	0	0	0	0	0	0	0	0	0	0	0	0	0	0	0	0	0	0	0	0	0	0	0	0	0	0	0	0	0	
11/03/2022 19:52:41	0	0	6	15.02	15.03	1.1	2175	83	3.636	3.637	21.1	0	False	4.191667	4.198333	4.178333	4.2	0.0812	0	3.67	3.669	61.1	-0.023	3.636	0	0	0	0	0	0	0	0	0	0	0	0	0	0	0	21.1	0	0	0	0	0	0	0	0	0	0	0	0	0	0	0	0	0	0	0	0	0	0	0	0	0	0	0	0	0	0	0	0	0	0	
11/03/2022 19:52:51	0	0	6	15.02	15.03	1.1	2175	93	3.64	3.6409	21.2	0	False	4.191667	4.186666	4.128334	4.2	0.0929	0	3.67	3.67	61.3	-0.034	3.64	0	0	0	0	0	0	0	0	0	0	0	0	0	0	0	21.2	0	0	0	0	0	0	0	0	0	0	0	0	0	0	0	0	0	0	0	0	0	0	0	0	0	0	0	0	0	0	0	0	0	0	
11/03/2022 19:53:01	0	0	6	15.03	15.02	1.1	2177	103	3.643	3.6446	21.1	0	False	4.195	4.2	4.198333	4.2	0.1045	0	3.67	3.681	61.4	-0.034	3.643	0	0	0	0	0	0	0	0	0	0	0	0	0	0	0	21.1	0	0	0	0	0	0	0	0	0	0	0	0	0	0	0	0	0	0	0	0	0	0	0	0	0	0	0	0	0	0	0	0	0	0	
11/03/2022 19:53:11	0	0	6	15.03	15.03	1.2	2181	113	3.647	3.6479	21.2	0	False	4.19	4.201667	4.266667	4.2	0.1162	0	3.681	3.681	61.7	-0.034	3.647	0	0	0	0	0	0	0	0	0	0	0	0	0	0	0	21.2	0	0	0	0	0	0	0	0	0	0	0	0	0	0	0	0	0	0	0	0	0	0	0	0	0	0	0	0	0	0	0	0	0	0	
11/03/2022 19:53:21	0	0	6	15.03	15.02	1.1	2181	123	3.65	3.6509	21.1	0	False	4.193333	4.186666	4.2	4.2	0.1278	0	3.681	3.681	61.8	-0.034	3.65	0	0	0	0	0	0	0	0	0	0	0	0	0	0	0	21.1	0	0	0	0	0	0	0	0	0	0	0	0	0	0	0	0	0	0	0	0	0	0	0	0	0	0	0	0	0	0	0	0	0	0	
11/03/2022 19:53:31	0	0	6	15.02	15.03	1.1	2181	133	3.653	3.6535	21.2	0	False	4.193333	4.18	4.173333	4.2	0.1394	0	3.681	3.682	62	-0.034	3.653	0	0	0	0	0	0	0	0	0	0	0	0	0	0	0	21.2	0	0	0	0	0	0	0	0	0	0	0	0	0	0	0	0	0	0	0	0	0	0	0	0	0	0	0	0	0	0	0	0	0	0	
11/03/2022 19:53:41	0	0	6	15.03	15.03	1.1	2185	143	3.656	3.6571	21.1	0	False	4.195	4.205	4.243333	4.2	0.1511	0	3.681	3.693	62.1	-0.034	3.656	0	0	0	0	0	0	0	0	0	0	0	0	0	0	0	21.1	0	0	0	0	0	0	0	0	0	0	0	0	0	0	0	0	0	0	0	0	0	0	0	0	0	0	0	0	0	0	0	0	0	0	
11/03/2022 19:53:51	0	0	6	15.03	15.03	1.1	2187	153	3.659	3.6596	21.1	0	False	4.205	4.201667	4.185	4.2	0.1628	0	3.693	3.693	62.2	-0.034	3.659	0	0	0	0	0	0	0	0	0	0	0	0	0	0	0	21.1	0	0	0	0	0	0	0	0	0	0	0	0	0	0	0	0	0	0	0	0	0	0	0	0	0	0	0	0	0	0	0	0	0	0	
11/03/2022 19:54:01	0	0	6	15.03	15.03	1.1	2187	163	3.661	3.6621	21	0	False	4.191667	4.205	4.173333	4.2	0.1744	0	3.693	3.693	62.3	-0.034	3.661	0	0	0	0	0	0	0	0	0	0	0	0	0	0	0	21	0	0	0	0	0	0	0	0	0	0	0	0	0	0	0	0	0	0	0	0	0	0	0	0	0	0	0	0	0	0	0	0	0	0	
11/03/2022 19:54:11	0	0	6	15.03	15.03	1.1	2187	173	3.664	3.6645	21	0	False	4.191667	4.21	4.116667	4.2	0.1861	0	3.693	3.693	62.4	-0.034	3.664	0	0	0	0	0	0	0	0	0	0	0	0	0	0	0	21	0	0	0	0	0	0	0	0	0	0	0	0	0	0	0	0	0	0	0	0	0	0	0	0	0	0	0	0	0	0	0	0	0	0	
11/03/2022 19:54:21	0	0	6	15.03	15.03	1.1	2189	183	3.666	3.6671	21	0	False	4.198333	4.198333	4.231667	4.2	0.1978	0	3.704	3.7	62.6	-0.034	3.666	0	0	0	0	0	0	0	0	0	0	0	0	0	0	0	21	0	0	0	0	0	0	0	0	0	0	0	0	0	0	0	0	0	0	0	0	0	0	0	0	0	0	0	0	0	0	0	0	0	0	
11/03/2022 19:54:31	0	0	6	15.02	15.03	1.1	2191	193	3.668	3.6696	20.9	0	False	4.191667	4.18	4.161667	4.2	0.2094	0	3.704	3.704	62.7	-0.023	3.668	0	0	0	0	0	0	0	0	0	0	0	0	0	0	0	20.9	0	0	0	0	0	0	0	0	0	0	0	0	0	0	0	0	0	0	0	0	0	0	0	0	0	0	0	0	0	0	0	0	0	0	
11/03/2022 19:54:41	0	0	6	15.02	15.03	1.2	2193	203	3.671	3.6715	20.9	0	False	4.185	4.168334	4.255	4.2	0.2211	0	3.704	3.704	62.8	-0.034	3.671	0	0	0	0	0	0	0	0	0	0	0	0	0	0	0	20.9	0	0	0	0	0	0	0	0	0	0	0	0	0	0	0	0	0	0	0	0	0	0	0	0	0	0	0	0	0	0	0	0	0	0	
11/03/2022 19:54:51	0	0	6	15.02	15.03	1.1	2191	213	3.674	3.6746	20.9	0	False	4.191667	4.208333	4.128334	4.2	0.2327	0	3.704	3.704	63	-0.034	3.674	0	0	0	0	0	0	0	0	0	0	0	0	0	0	0	20.9	0	0	0	0	0	0	0	0	0	0	0	0	0	0	0	0	0	0	0	0	0	0	0	0	0	0	0	0	0	0	0	0	0	0	
11/03/2022 19:55:01	0	0	6	15.03	15.03	1.2	2197	223	3.676	3.6771	20.8	0	False	4.195	4.19	4.276667	4.2	0.2444	0	3.704	3.705	63.1	-0.034	3.676	0	0	0	0	0	0	0	0	0	0	0	0	0	0	0	20.8	0	0	0	0	0	0	0	0	0	0	0	0	0	0	0	0	0	0	0	0	0	0	0	0	0	0	0	0	0	0	0	0	0	0	
11/03/2022 19:55:11	0	0	6	15.03	15.03	1.1	2197	233	3.678	3.6787	20.6	0	False	4.178333	4.173333	4.155	4.2	0.256	0	3.704	3.708	63.2	-0.023	3.678	0	0	0	0	0	0	0	0	0	0	0	0	0	0	0	20.6	0	0	0	0	0	0	0	0	0	0	0	0	0	0	0	0	0	0	0	0	0	0	0	0	0	0	0	0	0	0	0	0	0	0	
11/03/2022 19:55:21	0	0	6	15.02	15.03	1.1	2195	243	3.68	3.6809	20.5	0	False	4.183333	4.18	4.173333	4.2	0.2677	0	3.704	3.716	63.3	-0.034	3.68	0	0	0	0	0	0	0	0	0	0	0	0	0	0	0	20.5	0	0	0	0	0	0	0	0	0	0	0	0	0	0	0	0	0	0	0	0	0	0	0	0	0	0	0	0	0	0	0	0	0	0	
11/03/2022 19:55:31	0	0	6	15.03	15.03	1.1	2197	252	3.683	3.6834	20.5	0	False	4.193333	4.21	4.235	4.2	0.2782	0	3.704	3.716	63.4	-0.034	3.683	0	0	0	0	0	0	0	0	0	0	0	0	0	0	0	20.5	0	0	0	0	0	0	0	0	0	0	0	0	0	0	0	0	0	0	0	0	0	0	0	0	0	0	0	0	0	0	0	0	0	0	
11/03/2022 19:55:41	0	0	6	15.02	15.03	1.1	2199	262	3.684	3.685	20.4	0	False	4.191667	4.19	4.19	4.2	0.2898	0	3.716	3.716	63.5	-0.023	3.684	0	0	0	0	0	0	0	0	0	0	0	0	0	0	0	20.4	0	0	0	0	0	0	0	0	0	0	0	0	0	0	0	0	0	0	0	0	0	0	0	0	0	0	0	0	0	0	0	0	0	0	
11/03/2022 19:55:51	0	0	6	15.02	15.03	1.2	2201	272	3.686	3.6872	20.2	0	False	4.191667	4.21	4.281667	4.2	0.3015	0	3.716	3.716	63.7	-0.034	3.686	0	0	0	0	0	0	0	0	0	0	0	0	0	0	0	20.2	0	0	0	0	0	0	0	0	0	0	0	0	0	0	0	0	0	0	0	0	0	0	0	0	0	0	0	0	0	0	0	0	0	0	
11/03/2022 19:56:01	0	0	6	15.02	15.03	1.2	2201	282	3.688	3.6895	20.2	0	False	4.191667	4.208333	4.228333	4.2	0.3131	0	3.727	3.719	63.7	-0.034	3.688	0	0	0	0	0	0	0	0	0	0	0	0	0	0	0	20.2	0	0	0	0	0	0	0	0	0	0	0	0	0	0	0	0	0	0	0	0	0	0	0	0	0	0	0	0	0	0	0	0	0	0	
11/03/2022 19:56:11	0	0	6	15.02	15.03	1.1	2203	292	3.69	3.6909	20.3	0	False	4.198333	4.201667	4.205	4.2	0.3248	0	3.716	3.727	63.8	-0.023	3.69	0	0	0	0	0	0	0	0	0	0	0	0	0	0	0	20.3	0	0	0	0	0	0	0	0	0	0	0	0	0	0	0	0	0	0	0	0	0	0	0	0	0	0	0	0	0	0	0	0	0	0	
11/03/2022 19:56:21	0	0	6	15.02	15.03	1.1	2203	302	3.692	3.6934	20.3	0	False	4.188334	4.175	4.185	4.2	0.3365	0	3.716	3.727	63.9	-0.023	3.692	0	0	0	0	0	0	0	0	0	0	0	0	0	0	0	20.3	0	0	0	0	0	0	0	0	0	0	0	0	0	0	0	0	0	0	0	0	0	0	0	0	0	0	0	0	0	0	0	0	0	0	
11/03/2022 19:56:31	0	0	6	15.02	15.03	1.1	2203	312	3.694	3.6948	20.3	0	False	4.193333	4.2	4.148334	4.2	0.3482	0	3.727	3.727	64	-0.034	3.694	0	0	0	0	0	0	0	0	0	0	0	0	0	0	0	20.3	0	0	0	0	0	0	0	0	0	0	0	0	0	0	0	0	0	0	0	0	0	0	0	0	0	0	0	0	0	0	0	0	0	0	
11/03/2022 19:56:41	0	0	6	15.02	15.03	1.2	2205	322	3.696	3.6972	20.3	0	False	4.195	4.22	4.23	4.2	0.3598	0	3.727	3.727	64.1	-0.034	3.696	0	0	0	0	0	0	0	0	0	0	0	0	0	0	0	20.3	0	0	0	0	0	0	0	0	0	0	0	0	0	0	0	0	0	0	0	0	0	0	0	0	0	0	0	0	0	0	0	0	0	0	
11/03/2022 19:56:51	0	0	6	15.02	15.03	1.1	2205	332	3.698	3.6992	20.3	0	False	4.203333	4.2	4.2	4.2	0.3715	0	3.727	3.727	64.2	-0.034	3.698	0	0	0	0	0	0	0	0	0	0	0	0	0	0	0	20.3	0	0	0	0	0	0	0	0	0	0	0	0	0	0	0	0	0	0	0	0	0	0	0	0	0	0	0	0	0	0	0	0	0	0	
11/03/2022 19:57:01	0	0	6	15.02	15.03	1.1	2207	342	3.7	3.7012	20.2	0	False	4.186666	4.185	4.161667	4.2	0.3831	0	3.738	3.738	64.3	-0.023	3.7	0	0	0	0	0	0	0	0	0	0	0	0	0	0	0	20.2	0	0	0	0	0	0	0	0	0	0	0	0	0	0	0	0	0	0	0	0	0	0	0	0	0	0	0	0	0	0	0	0	0	0	
11/03/2022 19:57:11	0	0	6	15.02	15.03	1.1	2207	352	3.703	3.7034	20.2	0	False	4.193333	4.208333	4.13	4.2	0.3947	0	3.727	3.738	64.4	-0.023	3.703	0	0	0	0	0	0	0	0	0	0	0	0	0	0	0	20.2	0	0	0	0	0	0	0	0	0	0	0	0	0	0	0	0	0	0	0	0	0	0	0	0	0	0	0	0	0	0	0	0	0	0	
11/03/2022 19:57:21	0	0	6	15.02	15.03	1.1	2207	362	3.704	3.7053	20.2	0	False	4.193333	4.2	4.14	4.2	0.4064	0	3.738	3.738	64.5	-0.023	3.704	0	0	0	0	0	0	0	0	0	0	0	0	0	0	0	20.2	0	0	0	0	0	0	0	0	0	0	0	0	0	0	0	0	0	0	0	0	0	0	0	0	0	0	0	0	0	0	0	0	0	0	
11/03/2022 19:57:31	0	0	6	15.03	15.03	1.1	2211	372	3.706	3.7072	20.3	0	False	4.198333	4.196667	4.295	4.2	0.4181	0	3.738	3.738	64.7	-0.034	3.706	0	0	0	0	0	0	0	0	0	0	0	0	0	0	0	20.3	0	0	0	0	0	0	0	0	0	0	0	0	0	0	0	0	0	0	0	0	0	0	0	0	0	0	0	0	0	0	0	0	0	0	
11/03/2022 19:57:41	0	0	6	15.02	15.03	1.1	2211	381	3.708	3.7097	20.1	0	False	4.186666	4.178333	4.155	4.2	0.4285	0	3.738	3.74	64.7	-0.034	3.708	0	0	0	0	0	0	0	0	0	0	0	0	0	0	0	20.1	0	0	0	0	0	0	0	0	0	0	0	0	0	0	0	0	0	0	0	0	0	0	0	0	0	0	0	0	0	0	0	0	0	0	
11/03/2022 19:57:51	0	0	6	15.03	15.03	1.1	2211	392	3.71	3.7114	20.1	0	False	4.193333	4.216667	4.141667	4.2	0.4413	0	3.75	3.746	64.8	-0.034	3.71	0	0	0	0	0	0	0	0	0	0	0	0	0	0	0	20.1	0	0	0	0	0	0	0	0	0	0	0	0	0	0	0	0	0	0	0	0	0	0	0	0	0	0	0	0	0	0	0	0	0	0	
11/03/2022 19:58:01	0	0	6	15.03	15.03	1.1	2213	402	3.713	3.7134	20.1	0	False	4.196667	4.205	4.185	4.2	0.453	0	3.738	3.75	64.9	-0.023	3.713	0	0	0	0	0	0	0	0	0	0	0	0	0	0	0	20.1	0	0	0	0	0	0	0	0	0	0	0	0	0	0	0	0	0	0	0	0	0	0	0	0	0	0	0	0	0	0	0	0	0	0	
11/03/2022 19:58:11	0	0	6	15.03	15.03	1.2	2211	412	3.715	3.7159	20.1	0	False	4.196667	4.186666	4.2	4.2	0.4647	0	3.738	3.75	65.1	-0.034	3.715	0	0	0	0	0	0	0	0	0	0	0	0	0	0	0	20.1	0	0	0	0	0	0	0	0	0	0	0	0	0	0	0	0	0	0	0	0	0	0	0	0	0	0	0	0	0	0	0	0	0	0	
11/03/2022 19:58:21	0	0	6	15.03	15.03	1.1	2215	421	3.716	3.7172	20	0	False	4.196667	4.205	4.161667	4.2	0.4751	0	3.75	3.75	65.1	-0.034	3.716	0	0	0	0	0	0	0	0	0	0	0	0	0	0	0	20	0	0	0	0	0	0	0	0	0	0	0	0	0	0	0	0	0	0	0	0	0	0	0	0	0	0	0	0	0	0	0	0	0	0	
11/03/2022 19:58:31	0	0	6	15.02	15.03	1.1	2215	431	3.719	3.7197	19.9	0	False	4.205	4.191667	4.121666	4.2	0.4868	0	3.75	3.75	65.2	-0.034	3.719	0	0	0	0	0	0	0	0	0	0	0	0	0	0	0	19.9	0	0	0	0	0	0	0	0	0	0	0	0	0	0	0	0	0	0	0	0	0	0	0	0	0	0	0	0	0	0	0	0	0	0	
11/03/2022 19:58:41	0	0	6	15.03	15.03	1.1	2219	441	3.721	3.722	20	0	False	4.208333	4.19	4.19	4.2	0.4985	0	3.75	3.75	65.3	-0.034	3.721	0	0	0	0	0	0	0	0	0	0	0	0	0	0	0	20	0	0	0	0	0	0	0	0	0	0	0	0	0	0	0	0	0	0	0	0	0	0	0	0	0	0	0	0	0	0	0	0	0	0	
11/03/2022 19:58:51	0	0	6	15.03	15.03	1.1	2219	451	3.723	3.7234	19.9	0	False	4.191667	4.173333	4.2	4.2	0.5101	0	3.75	3.758	65.4	-0.034	3.723	0	0	0	0	0	0	0	0	0	0	0	0	0	0	0	19.9	0	0	0	0	0	0	0	0	0	0	0	0	0	0	0	0	0	0	0	0	0	0	0	0	0	0	0	0	0	0	0	0	0	0	
11/03/2022 19:59:01	0	0	6	15.02	15.03	1.2	2221	461	3.725	3.7259	20.1	0	False	4.185	4.196667	4.273334	4.2	0.5217	0	3.75	3.761	65.6	-0.034	3.725	0	0	0	0	0	0	0	0	0	0	0	0	0	0	0	20.1	0	0	0	0	0	0	0	0	0	0	0	0	0	0	0	0	0	0	0	0	0	0	0	0	0	0	0	0	0	0	0	0	0	0	
11/03/2022 19:59:11	0	0	6	15.03	15.03	1.2	2221	471	3.727	3.7273	20	0	False	4.188334	4.21	4.226666	4.2	0.5334	0	3.75	3.761	65.6	-0.034	3.727	0	0	0	0	0	0	0	0	0	0	0	0	0	0	0	20	0	0	0	0	0	0	0	0	0	0	0	0	0	0	0	0	0	0	0	0	0	0	0	0	0	0	0	0	0	0	0	0	0	0	
11/03/2022 19:59:21	0	0	6	15.03	15.03	1.2	2223	481	3.729	3.7297	20	0	False	4.191667	4.19	4.2	4.2	0.545	0	3.761	3.761	65.8	-0.034	3.729	0	0	0	0	0	0	0	0	0	0	0	0	0	0	0	20	0	0	0	0	0	0	0	0	0	0	0	0	0	0	0	0	0	0	0	0	0	0	0	0	0	0	0	0	0	0	0	0	0	0	
11/03/2022 19:59:31	0	0	6	15.03	15.03	1.2	2225	490	3.731	3.7322	20.1	0	False	4.183333	4.2	4.288333	4.2	0.5555	0	3.761	3.761	65.8	-0.034	3.731	0	0	0	0	0	0	0	0	0	0	0	0	0	0	0	20.1	0	0	0	0	0	0	0	0	0	0	0	0	0	0	0	0	0	0	0	0	0	0	0	0	0	0	0	0	0	0	0	0	0	0	
11/03/2022 19:59:41	0	0	6	15.03	15.03	1.2	2225	501	3.733	3.7337	20.1	0	False	4.188334	4.213333	4.245	4.2	0.5683	0	3.761	3.764	65.9	-0.034	3.733	0	0	0	0	0	0	0	0	0	0	0	0	0	0	0	20.1	0	0	0	0	0	0	0	0	0	0	0	0	0	0	0	0	0	0	0	0	0	0	0	0	0	0	0	0	0	0	0	0	0	0	
11/03/2022 19:59:51	0	0	6	15.02	15.03	1.2	2227	511	3.735	3.7359	20.3	0	False	4.195	4.195	4.193333	4.2	0.58	0	3.773	3.773	66.1	-0.034	3.735	0	0	0	0	0	0	0	0	0	0	0	0	0	0	0	20.3	0	0	0	0	0	0	0	0	0	0	0	0	0	0	0	0	0	0	0	0	0	0	0	0	0	0	0	0	0	0	0	0	0	0	
11/03/2022 20:00:01	0	0	6	15.03	15.03	1.2	2227	521	3.738	3.7384	20.1	0	False	4.19	4.176667	4.155	4.2	0.5917	0	3.773	3.773	66.2	-0.034	3.738	0	0	0	0	0	0	0	0	0	0	0	0	0	0	0	20.1	0	0	0	0	0	0	0	0	0	0	0	0	0	0	0	0	0	0	0	0	0	0	0	0	0	0	0	0	0	0	0	0	0	0	
11/03/2022 20:00:11	0	0	6	15.02	15.03	1.1	2227	531	3.74	3.7409	20.1	0	False	4.19	4.201667	4.135	4.2	0.6033	0	3.761	3.773	66.2	-0.034	3.74	0	0	0	0	0	0	0	0	0	0	0	0	0	0	0	20.1	0	0	0	0	0	0	0	0	0	0	0	0	0	0	0	0	0	0	0	0	0	0	0	0	0	0	0	0	0	0	0	0	0	0	
11/03/2022 20:00:21	0	0	6	15.03	15.03	1.2	2229	541	3.742	3.7425	20.2	0	False	4.198333	4.205	4.2	4.2	0.615	0	3.773	3.773	66.4	-0.034	3.742	0	0	0	0	0	0	0	0	0	0	0	0	0	0	0	20.2	0	0	0	0	0	0	0	0	0	0	0	0	0	0	0	0	0	0	0	0	0	0	0	0	0	0	0	0	0	0	0	0	0	0	
11/03/2022 20:00:31	0	0	6	15.03	15.03	1.2	2231	551	3.744	3.7447	20.1	0	False	4.188334	4.185	4.193333	4.2	0.6266	0	3.773	3.774	66.6	-0.034	3.744	0	0	0	0	0	0	0	0	0	0	0	0	0	0	0	20.1	0	0	0	0	0	0	0	0	0	0	0	0	0	0	0	0	0	0	0	0	0	0	0	0	0	0	0	0	0	0	0	0	0	0	
11/03/2022 20:00:41	0	0	6	15.03	15.03	1.1	2231	561	3.747	3.7473	20.1	0	False	4.185	4.206666	4.155	4.2	0.6383	0	3.773	3.779	66.6	-0.023	3.747	0	0	0	0	0	0	0	0	0	0	0	0	0	0	0	20.1	0	0	0	0	0	0	0	0	0	0	0	0	0	0	0	0	0	0	0	0	0	0	0	0	0	0	0	0	0	0	0	0	0	0	
11/03/2022 20:00:51	0	0	6	15.03	15.03	1.2	2233	571	3.749	3.7497	20	0	False	4.188334	4.211667	4.211667	4.2	0.65	0	3.773	3.784	66.7	-0.023	3.749	0	0	0	0	0	0	0	0	0	0	0	0	0	0	0	20	0	0	0	0	0	0	0	0	0	0	0	0	0	0	0	0	0	0	0	0	0	0	0	0	0	0	0	0	0	0	0	0	0	0	
11/03/2022 20:01:01	0	0	6	15.03	15.03	1.2	2235	581	3.751	3.7522	20	0	False	4.191667	4.176667	4.161667	4.2	0.6616	0	3.784	3.784	66.9	-0.034	3.751	0	0	0	0	0	0	0	0	0	0	0	0	0	0	0	20	0	0	0	0	0	0	0	0	0	0	0	0	0	0	0	0	0	0	0	0	0	0	0	0	0	0	0	0	0	0	0	0	0	0	
11/03/2022 20:01:11	0	0	6	15.03	15.03	1.2	2237	590	3.753	3.7547	20	0	False	4.185	4.203333	4.261667	4.2	0.6721	0	3.784	3.784	67	-0.023	3.753	0	0	0	0	0	0	0	0	0	0	0	0	0	0	0	20	0	0	0	0	0	0	0	0	0	0	0	0	0	0	0	0	0	0	0	0	0	0	0	0	0	0	0	0	0	0	0	0	0	0	
11/03/2022 20:01:21	0	0	6	15.03	15.03	1.2	2237	600	3.755	3.7564	20	0	False	4.19	4.213333	4.253334	4.2	0.6837	0	3.784	3.784	67.1	-0.034	3.755	0	0	0	0	0	0	0	0	0	0	0	0	0	0	0	20	0	0	0	0	0	0	0	0	0	0	0	0	0	0	0	0	0	0	0	0	0	0	0	0	0	0	0	0	0	0	0	0	0	0	
11/03/2022 20:01:31	0	0	6	15.03	15.03	1.2	2237	610	3.758	3.7586	20	0	False	4.195	4.185	4.178333	4.2	0.6954	0	3.784	3.79	67.2	-0.023	3.758	0	0	0	0	0	0	0	0	0	0	0	0	0	0	0	20	0	0	0	0	0	0	0	0	0	0	0	0	0	0	0	0	0	0	0	0	0	0	0	0	0	0	0	0	0	0	0	0	0	0	
11/03/2022 20:01:41	0	0	6	15.03	15.03	1.2	2239	620	3.76	3.7612	20	0	False	4.185	4.183333	4.155	4.2	0.707	0	3.796	3.796	67.3	-0.023	3.76	0	0	0	0	0	0	0	0	0	0	0	0	0	0	0	20	0	0	0	0	0	0	0	0	0	0	0	0	0	0	0	0	0	0	0	0	0	0	0	0	0	0	0	0	0	0	0	0	0	0	
11/03/2022 20:01:51	0	0	6	15.03	15.03	1.2	2241	630	3.763	3.7636	20.1	0	False	4.188334	4.19	4.223333	4.2	0.7187	0	3.796	3.796	67.4	-0.034	3.763	0	0	0	0	0	0	0	0	0	0	0	0	0	0	0	20.1	0	0	0	0	0	0	0	0	0	0	0	0	0	0	0	0	0	0	0	0	0	0	0	0	0	0	0	0	0	0	0	0	0	0	
11/03/2022 20:02:01	0	0	6	15.03	15.03	1.2	2241	640	3.766	3.7665	20	0	False	4.198333	4.198333	4.201667	4.2	0.7303	0	3.796	3.799	67.6	-0.034	3.766	0	0	0	0	0	0	0	0	0	0	0	0	0	0	0	20	0	0	0	0	0	0	0	0	0	0	0	0	0	0	0	0	0	0	0	0	0	0	0	0	0	0	0	0	0	0	0	0	0	0	
11/03/2022 20:02:11	0	0	6	15.03	15.03	1.2	2245	650	3.768	3.7692	19.9	0	False	4.185	4.186666	4.255	4.2	0.742	0	3.796	3.807	67.7	-0.023	3.768	0	0	0	0	0	0	0	0	0	0	0	0	0	0	0	19.9	0	0	0	0	0	0	0	0	0	0	0	0	0	0	0	0	0	0	0	0	0	0	0	0	0	0	0	0	0	0	0	0	0	0	
11/03/2022 20:02:21	0	0	6	15.03	15.03	1.2	2245	660	3.771	3.772	19.8	0	False	4.191667	4.188334	4.205	4.2	0.7537	0	3.807	3.807	67.8	-0.034	3.771	0	0	0	0	0	0	0	0	0	0	0	0	0	0	0	19.8	0	0	0	0	0	0	0	0	0	0	0	0	0	0	0	0	0	0	0	0	0	0	0	0	0	0	0	0	0	0	0	0	0	0	
11/03/2022 20:02:31	0	0	6	15.03	15.03	1.2	2245	670	3.773	3.7744	20	0	False	4.191667	4.186666	4.178333	4.2	0.7653	0	3.807	3.807	68	-0.034	3.773	0	0	0	0	0	0	0	0	0	0	0	0	0	0	0	20	0	0	0	0	0	0	0	0	0	0	0	0	0	0	0	0	0	0	0	0	0	0	0	0	0	0	0	0	0	0	0	0	0	0	
11/03/2022 20:02:41	0	0	6	15.03	15.03	1.2	2247	680	3.776	3.7772	20	0	False	4.196667	4.22	4.141667	4.2	0.777	0	3.807	3.808	68.1	-0.034	3.776	0	0	0	0	0	0	0	0	0	0	0	0	0	0	0	20	0	0	0	0	0	0	0	0	0	0	0	0	0	0	0	0	0	0	0	0	0	0	0	0	0	0	0	0	0	0	0	0	0	0	
11/03/2022 20:02:51	0	0	6	15.03	15.03	1.2	2249	690	3.778	3.7797	19.8	0	False	4.201667	4.208333	4.245	4.2	0.7886	0	3.807	3.819	68.2	-0.034	3.778	0	0	0	0	0	0	0	0	0	0	0	0	0	0	0	19.8	0	0	0	0	0	0	0	0	0	0	0	0	0	0	0	0	0	0	0	0	0	0	0	0	0	0	0	0	0	0	0	0	0	0	
11/03/2022 20:03:01	0	0	6	15.03	15.03	1.2	2251	700	3.781	3.7822	19.9	0	False	4.193333	4.19	4.161667	4.2	0.8002	0	3.807	3.819	68.4	-0.034	3.781	0	0	0	0	0	0	0	0	0	0	0	0	0	0	0	19.9	0	0	0	0	0	0	0	0	0	0	0	0	0	0	0	0	0	0	0	0	0	0	0	0	0	0	0	0	0	0	0	0	0	0	
11/03/2022 20:03:11	0	0	6	15.03	15.03	1.2	2251	710	3.784	3.7847	19.8	0	False	4.19	4.211667	4.128334	4.2	0.8118	0	3.819	3.819	68.5	-0.034	3.784	0	0	0	0	0	0	0	0	0	0	0	0	0	0	0	19.8	0	0	0	0	0	0	0	0	0	0	0	0	0	0	0	0	0	0	0	0	0	0	0	0	0	0	0	0	0	0	0	0	0	0	
11/03/2022 20:03:21	0	0	6	15.03	15.03	1.2	2255	720	3.786	3.7872	19.8	0	False	4.203333	4.205	4.193333	4.2	0.8235	0	3.819	3.819	68.7	-0.023	3.786	0	0	0	0	0	0	0	0	0	0	0	0	0	0	0	19.8	0	0	0	0	0	0	0	0	0	0	0	0	0	0	0	0	0	0	0	0	0	0	0	0	0	0	0	0	0	0	0	0	0	0	
11/03/2022 20:03:31	0	0	6	15.03	15.03	1.2	2257	730	3.789	3.7898	19.7	0	False	4.19	4.176667	4.288333	4.2	0.8351	0	3.819	3.823	68.8	-0.034	3.789	0	0	0	0	0	0	0	0	0	0	0	0	0	0	0	19.7	0	0	0	0	0	0	0	0	0	0	0	0	0	0	0	0	0	0	0	0	0	0	0	0	0	0	0	0	0	0	0	0	0	0	
11/03/2022 20:03:41	0	0	6	15.03	15.03	1.2	2259	740	3.792	3.7926	19.8	0	False	4.19	4.19	4.223333	4.2	0.8468	0	3.819	3.83	68.9	-0.046	3.792	0	0	0	0	0	0	0	0	0	0	0	0	0	0	0	19.8	0	0	0	0	0	0	0	0	0	0	0	0	0	0	0	0	0	0	0	0	0	0	0	0	0	0	0	0	0	0	0	0	0	0	
11/03/2022 20:03:51	0	0	6	15.03	15.03	1.2	2257	750	3.795	3.7959	19.7	0	False	4.2	4.19	4.19	4.2	0.8585	0	3.819	3.83	69.1	-0.034	3.795	0	0	0	0	0	0	0	0	0	0	0	0	0	0	0	19.7	0	0	0	0	0	0	0	0	0	0	0	0	0	0	0	0	0	0	0	0	0	0	0	0	0	0	0	0	0	0	0	0	0	0	
11/03/2022 20:04:01	0	0	6	15.03	15.03	1.2	2259	759	3.798	3.7984	19.7	0	False	4.19	4.185	4.133333	4.2	0.8689	0	3.83	3.83	69.2	-0.034	3.798	0	0	0	0	0	0	0	0	0	0	0	0	0	0	0	19.7	0	0	0	0	0	0	0	0	0	0	0	0	0	0	0	0	0	0	0	0	0	0	0	0	0	0	0	0	0	0	0	0	0	0	
11/03/2022 20:04:11	0	0	6	15.03	15.03	1.2	2261	769	3.8	3.8009	19.6	0	False	4.195	4.21	4.205	4.2	0.8806	0	3.83	3.832	69.3	-0.034	3.8	0	0	0	0	0	0	0	0	0	0	0	0	0	0	0	19.6	0	0	0	0	0	0	0	0	0	0	0	0	0	0	0	0	0	0	0	0	0	0	0	0	0	0	0	0	0	0	0	0	0	0	
11/03/2022 20:04:21	0	0	6	15.03	15.03	1.2	2263	779	3.803	3.8039	19.7	0	False	4.191667	4.181667	4.2	4.2	0.8922	0	3.83	3.842	69.4	-0.034	3.803	0	0	0	0	0	0	0	0	0	0	0	0	0	0	0	19.7	0	0	0	0	0	0	0	0	0	0	0	0	0	0	0	0	0	0	0	0	0	0	0	0	0	0	0	0	0	0	0	0	0	0	
11/03/2022 20:04:31	0	0	6	15.03	15.03	1.2	2265	789	3.806	3.8072	19.7	0	False	4.185	4.198333	4.223333	4.2	0.9039	0	3.842	3.842	69.6	-0.034	3.806	0	0	0	0	0	0	0	0	0	0	0	0	0	0	0	19.7	0	0	0	0	0	0	0	0	0	0	0	0	0	0	0	0	0	0	0	0	0	0	0	0	0	0	0	0	0	0	0	0	0	0	
11/03/2022 20:04:41	0	0	6	15.03	15.03	1.2	2267	799	3.81	3.8109	19.7	0	False	4.195	4.198333	4.198333	4.2	0.9155	0	3.842	3.842	69.8	-0.034	3.81	0	0	0	0	0	0	0	0	0	0	0	0	0	0	0	19.7	0	0	0	0	0	0	0	0	0	0	0	0	0	0	0	0	0	0	0	0	0	0	0	0	0	0	0	0	0	0	0	0	0	0	
11/03/2022 20:04:51	0	0	6	15.02	15.03	1.2	2269	809	3.813	3.8134	19.4	0	False	4.19	4.205	4.255	4.2	0.9271	0	3.842	3.842	70	-0.034	3.813	0	0	0	0	0	0	0	0	0	0	0	0	0	0	0	19.4	0	0	0	0	0	0	0	0	0	0	0	0	0	0	0	0	0	0	0	0	0	0	0	0	0	0	0	0	0	0	0	0	0	0	
11/03/2022 20:05:01	0	0	6	15.03	15.03	1.2	2271	819	3.815	3.8161	19.3	0	False	4.193333	4.198333	4.235	4.2	0.9388	0	3.842	3.849	70.1	-0.023	3.815	0	0	0	0	0	0	0	0	0	0	0	0	0	0	0	19.3	0	0	0	0	0	0	0	0	0	0	0	0	0	0	0	0	0	0	0	0	0	0	0	0	0	0	0	0	0	0	0	0	0	0	
11/03/2022 20:05:11	0	0	6	15.02	15.03	1.2	2269	829	3.818	3.8197	19.4	0	False	4.198333	4.188334	4.185	4.2	0.9505	0	3.853	3.853	70.2	-0.023	3.818	0	0	0	0	0	0	0	0	0	0	0	0	0	0	0	19.4	0	0	0	0	0	0	0	0	0	0	0	0	0	0	0	0	0	0	0	0	0	0	0	0	0	0	0	0	0	0	0	0	0	0	
11/03/2022 20:05:21	0	0	6	15.03	15.03	1.2	2273	839	3.821	3.8222	19.3	0	False	4.191667	4.191667	4.25	4.2	0.9621	0	3.853	3.853	70.4	-0.034	3.821	0	0	0	0	0	0	0	0	0	0	0	0	0	0	0	19.3	0	0	0	0	0	0	0	0	0	0	0	0	0	0	0	0	0	0	0	0	0	0	0	0	0	0	0	0	0	0	0	0	0	0	
11/03/2022 20:05:31	0	0	6	15.03	15.03	1.2	2275	849	3.824	3.8248	19.2	0	False	4.201667	4.211667	4.2	4.2	0.9738	0	3.865	3.865	70.5	-0.034	3.824	0	0	0	0	0	0	0	0	0	0	0	0	0	0	0	19.2	0	0	0	0	0	0	0	0	0	0	0	0	0	0	0	0	0	0	0	0	0	0	0	0	0	0	0	0	0	0	0	0	0	0	
11/03/2022 20:05:41	0	0	6	15.03	15.03	1.2	2273	859	3.827	3.8284	19.2	0	False	4.195	4.201667	4.161667	4.2	0.9855	0	3.865	3.865	70.6	-0.034	3.827	0	0	0	0	0	0	0	0	0	0	0	0	0	0	0	19.2	0	0	0	0	0	0	0	0	0	0	0	0	0	0	0	0	0	0	0	0	0	0	0	0	0	0	0	0	0	0	0	0	0	0	
11/03/2022 20:05:51	0	0	6	15.03	15.03	1.2	2277	869	3.83	3.8309	19.2	0	False	4.191667	4.186666	4.223333	4.2	0.9971	0	3.865	3.865	70.8	-0.034	3.83	0	0	0	0	0	0	0	0	0	0	0	0	0	0	0	19.2	0	0	0	0	0	0	0	0	0	0	0	0	0	0	0	0	0	0	0	0	0	0	0	0	0	0	0	0	0	0	0	0	0	0	
11/03/2022 20:06:01	0	0	6	15.03	15.03	1.2	2279	879	3.833	3.8334	19.1	0	False	4.198333	4.191667	4.188334	4.2	1.0088	0	3.865	3.865	71	-0.034	3.833	0	0	0	0	0	0	0	0	0	0	0	0	0	0	0	19.1	0	0	0	0	0	0	0	0	0	0	0	0	0	0	0	0	0	0	0	0	0	0	0	0	0	0	0	0	0	0	0	0	0	0	
11/03/2022 20:06:11	0	0	6	15.03	15.03	1.2	2281	889	3.835	3.8359	19.2	0	False	4.201667	4.206666	4.245	4.2	1.0205	0	3.865	3.876	71.1	-0.034	3.835	0	0	0	0	0	0	0	0	0	0	0	0	0	0	0	19.2	0	0	0	0	0	0	0	0	0	0	0	0	0	0	0	0	0	0	0	0	0	0	0	0	0	0	0	0	0	0	0	0	0	0	
11/03/2022 20:06:21	0	0	6	15.03	15.03	1.2	2279	899	3.838	3.8387	19.1	0	False	4.206666	4.211667	4.235	4.2	1.0321	0	3.876	3.876	71.2	-0.034	3.838	0	0	0	0	0	0	0	0	0	0	0	0	0	0	0	19.1	0	0	0	0	0	0	0	0	0	0	0	0	0	0	0	0	0	0	0	0	0	0	0	0	0	0	0	0	0	0	0	0	0	0	
11/03/2022 20:06:31	0	0	6	15.03	15.03	1.2	2283	909	3.84	3.8413	19.2	0	False	4.195	4.186666	4.19	4.2	1.0438	0	3.876	3.876	71.3	-0.034	3.84	0	0	0	0	0	0	0	0	0	0	0	0	0	0	0	19.2	0	0	0	0	0	0	0	0	0	0	0	0	0	0	0	0	0	0	0	0	0	0	0	0	0	0	0	0	0	0	0	0	0	0	
11/03/2022 20:06:41	0	0	6	15.03	15.03	1.2	2283	918	3.843	3.8442	19.2	0	False	4.19	4.173333	4.173333	4.2	1.0543	0	3.876	3.876	71.5	-0.034	3.843	0	0	0	0	0	0	0	0	0	0	0	0	0	0	0	19.2	0	0	0	0	0	0	0	0	0	0	0	0	0	0	0	0	0	0	0	0	0	0	0	0	0	0	0	0	0	0	0	0	0	0	
11/03/2022 20:06:51	0	0	6	15.03	15.03	1.2	2285	928	3.847	3.8472	19.1	0	False	4.203333	4.213333	4.186666	4.2	1.066	0	3.876	3.882	71.6	-0.034	3.847	0	0	0	0	0	0	0	0	0	0	0	0	0	0	0	19.1	0	0	0	0	0	0	0	0	0	0	0	0	0	0	0	0	0	0	0	0	0	0	0	0	0	0	0	0	0	0	0	0	0	0	
11/03/2022 20:07:01	0	0	6	15.03	15.03	1.2	2289	938	3.849	3.8497	19.1	0	False	4.198333	4.226666	4.266667	4.2	1.0776	0	3.876	3.888	71.8	-0.023	3.849	0	0	0	0	0	0	0	0	0	0	0	0	0	0	0	19.1	0	0	0	0	0	0	0	0	0	0	0	0	0	0	0	0	0	0	0	0	0	0	0	0	0	0	0	0	0	0	0	0	0	0	
11/03/2022 20:07:11	0	0	6	15.03	15.03	1.2	2289	948	3.852	3.8522	19	0	False	4.201667	4.208333	4.223333	4.2	1.0892	0	3.876	3.888	71.9	-0.023	3.852	0	0	0	0	0	0	0	0	0	0	0	0	0	0	0	19	0	0	0	0	0	0	0	0	0	0	0	0	0	0	0	0	0	0	0	0	0	0	0	0	0	0	0	0	0	0	0	0	0	0	
11/03/2022 20:07:21	0	0	6	15.03	15.03	1.2	2291	958	3.854	3.8552	19	0	False	4.201667	4.186666	4.173333	4.2	1.1009	0	3.876	3.888	72.1	-0.023	3.854	0	0	0	0	0	0	0	0	0	0	0	0	0	0	0	19	0	0	0	0	0	0	0	0	0	0	0	0	0	0	0	0	0	0	0	0	0	0	0	0	0	0	0	0	0	0	0	0	0	0	
11/03/2022 20:07:31	0	0	6	15.03	15.03	1.2	2293	968	3.857	3.8581	19.1	0	False	4.205	4.221667	4.236667	4.2	1.1125	0	3.888	3.891	72.2	-0.034	3.857	0	0	0	0	0	0	0	0	0	0	0	0	0	0	0	19.1	0	0	0	0	0	0	0	0	0	0	0	0	0	0	0	0	0	0	0	0	0	0	0	0	0	0	0	0	0	0	0	0	0	0	
11/03/2022 20:07:41	0	0	6	15.03	15.03	1.2	2295	978	3.86	3.8608	19	0	False	4.201667	4.203333	4.211667	4.2	1.1242	0	3.888	3.899	72.3	-0.034	3.86	0	0	0	0	0	0	0	0	0	0	0	0	0	0	0	19	0	0	0	0	0	0	0	0	0	0	0	0	0	0	0	0	0	0	0	0	0	0	0	0	0	0	0	0	0	0	0	0	0	0	
11/03/2022 20:07:51	0	0	6	15.03	15.03	1.2	2295	988	3.863	3.8634	19	0	False	4.191667	4.186666	4.151667	4.2	1.1358	0	3.888	3.899	72.4	-0.034	3.863	0	0	0	0	0	0	0	0	0	0	0	0	0	0	0	19	0	0	0	0	0	0	0	0	0	0	0	0	0	0	0	0	0	0	0	0	0	0	0	0	0	0	0	0	0	0	0	0	0	0	
11/03/2022 20:08:01	0	0	6	15.03	15.03	1.2	2295	996	3.865	3.8659	19.1	0	False	4.191667	4.198333	4.116667	4.2	1.1452	0	3.888	3.899	72.5	-0.034	3.865	0	0	0	0	0	0	0	0	0	0	0	0	0	0	0	19.1	0	0	0	0	0	0	0	0	0	0	0	0	0	0	0	0	0	0	0	0	0	0	0	0	0	0	0	0	0	0	0	0	0	0	
11/03/2022 20:08:11	0	0	6	15.03	15.03	1.2	2299	1008	3.868	3.8688	19.3	0	False	4.201667	4.208333	4.208333	4.2	1.1591	0	3.899	3.9	72.7	-0.034	3.868	0	0	0	0	0	0	0	0	0	0	0	0	0	0	0	19.3	0	0	0	0	0	0	0	0	0	0	0	0	0	0	0	0	0	0	0	0	0	0	0	0	0	0	0	0	0	0	0	0	0	0	
11/03/2022 20:08:21	0	0	6	15.03	15.03	1.2	2301	1018	3.87	3.8709	19.3	0	False	4.193333	4.2	4.266667	4.2	1.1708	0	3.899	3.91	72.8	-0.034	3.87	0	0	0	0	0	0	0	0	0	0	0	0	0	0	0	19.3	0	0	0	0	0	0	0	0	0	0	0	0	0	0	0	0	0	0	0	0	0	0	0	0	0	0	0	0	0	0	0	0	0	0	
11/03/2022 20:08:31	0	0	6	15.02	15.03	1.2	2299	1028	3.873	3.8738	19.3	0	False	4.198333	4.208333	4.113333	4.2	1.1824	0	3.91	3.91	73	-0.034	3.873	0	0	0	0	0	0	0	0	0	0	0	0	0	0	0	19.3	0	0	0	0	0	0	0	0	0	0	0	0	0	0	0	0	0	0	0	0	0	0	0	0	0	0	0	0	0	0	0	0	0	0	
11/03/2022 20:08:41	0	0	6	15.03	15.03	1.2	2301	1038	3.876	3.8767	19.4	0	False	4.195	4.188334	4.161667	4.2	1.1941	0	3.899	3.91	73.1	-0.023	3.876	0	0	0	0	0	0	0	0	0	0	0	0	0	0	0	19.4	0	0	0	0	0	0	0	0	0	0	0	0	0	0	0	0	0	0	0	0	0	0	0	0	0	0	0	0	0	0	0	0	0	0	
11/03/2022 20:08:51	0	0	6	15.03	15.03	1.2	2305	1048	3.879	3.8797	19.4	0	False	4.188334	4.203333	4.28	4.2	1.2057	0	3.91	3.911	73.2	-0.023	3.879	0	0	0	0	0	0	0	0	0	0	0	0	0	0	0	19.4	0	0	0	0	0	0	0	0	0	0	0	0	0	0	0	0	0	0	0	0	0	0	0	0	0	0	0	0	0	0	0	0	0	0	
11/03/2022 20:09:01	0	0	6	15.02	15.03	1.2	2303	1058	3.882	3.8822	19.2	0	False	4.201667	4.211667	4.135	4.2	1.2174	0	3.91	3.922	73.3	-0.034	3.882	0	0	0	0	0	0	0	0	0	0	0	0	0	0	0	19.2	0	0	0	0	0	0	0	0	0	0	0	0	0	0	0	0	0	0	0	0	0	0	0	0	0	0	0	0	0	0	0	0	0	0	
11/03/2022 20:09:11	0	0	6	15.03	15.03	1.2	2309	1068	3.884	3.8847	19.2	0	False	4.196667	4.185	4.19	4.2	1.2291	0	3.922	3.922	73.6	-0.034	3.884	0	0	0	0	0	0	0	0	0	0	0	0	0	0	0	19.2	0	0	0	0	0	0	0	0	0	0	0	0	0	0	0	0	0	0	0	0	0	0	0	0	0	0	0	0	0	0	0	0	0	0	
11/03/2022 20:09:21	0	0	6	15.03	15.03	1.2	2307	1078	3.887	3.8874	19.2	0	False	4.19	4.215	4.228333	4.2	1.2407	0	3.922	3.922	73.6	-0.034	3.887	0	0	0	0	0	0	0	0	0	0	0	0	0	0	0	19.2	0	0	0	0	0	0	0	0	0	0	0	0	0	0	0	0	0	0	0	0	0	0	0	0	0	0	0	0	0	0	0	0	0	0	
11/03/2022 20:09:31	0	0	6	15.03	15.03	1.2	2309	1087	3.889	3.8897	19.2	0	False	4.2	4.208333	4.186666	4.2	1.2512	0	3.922	3.922	73.7	-0.023	3.889	0	0	0	0	0	0	0	0	0	0	0	0	0	0	0	19.2	0	0	0	0	0	0	0	0	0	0	0	0	0	0	0	0	0	0	0	0	0	0	0	0	0	0	0	0	0	0	0	0	0	0	
11/03/2022 20:09:41	0	0	6	15.03	15.03	1.2	2311	1097	3.892	3.8922	19.2	0	False	4.195	4.185	4.185	4.2	1.2629	0	3.922	3.926	73.9	-0.034	3.892	0	0	0	0	0	0	0	0	0	0	0	0	0	0	0	19.2	0	0	0	0	0	0	0	0	0	0	0	0	0	0	0	0	0	0	0	0	0	0	0	0	0	0	0	0	0	0	0	0	0	0	
11/03/2022 20:09:51	0	0	6	15.03	15.03	1.2	2313	1107	3.894	3.8952	19.2	0	False	4.193333	4.21	4.266667	4.2	1.2745	0	3.933	3.933	74.1	-0.034	3.894	0	0	0	0	0	0	0	0	0	0	0	0	0	0	0	19.2	0	0	0	0	0	0	0	0	0	0	0	0	0	0	0	0	0	0	0	0	0	0	0	0	0	0	0	0	0	0	0	0	0	0	
11/03/2022 20:10:01	0	0	6	15.03	15.03	1.2	2313	1117	3.897	3.8972	19.1	0	False	4.203333	4.205	4.19	4.2	1.2862	0	3.933	3.933	74.1	-0.034	3.897	0	0	0	0	0	0	0	0	0	0	0	0	0	0	0	19.1	0	0	0	0	0	0	0	0	0	0	0	0	0	0	0	0	0	0	0	0	0	0	0	0	0	0	0	0	0	0	0	0	0	0	
11/03/2022 20:10:11	0	0	6	15.03	15.03	1.2	2315	1127	3.899	3.8999	19.2	0	False	4.186666	4.183333	4.148334	4.2	1.2978	0	3.933	3.933	74.3	-0.034	3.899	0	0	0	0	0	0	0	0	0	0	0	0	0	0	0	19.2	0	0	0	0	0	0	0	0	0	0	0	0	0	0	0	0	0	0	0	0	0	0	0	0	0	0	0	0	0	0	0	0	0	0	
11/03/2022 20:10:21	0	0	6	15.03	15.03	1.2	2317	1137	3.902	3.9022	19.1	0	False	4.188334	4.201667	4.205	4.2	1.3095	0	3.933	3.936	74.4	-0.034	3.902	0	0	0	0	0	0	0	0	0	0	0	0	0	0	0	19.1	0	0	0	0	0	0	0	0	0	0	0	0	0	0	0	0	0	0	0	0	0	0	0	0	0	0	0	0	0	0	0	0	0	0	
11/03/2022 20:10:31	0	0	6	15.03	15.03	1.2	2317	1147	3.904	3.9049	19.2	0	False	4.198333	4.191667	4.19	4.2	1.3212	0	3.933	3.945	74.5	-0.034	3.904	0	0	0	0	0	0	0	0	0	0	0	0	0	0	0	19.2	0	0	0	0	0	0	0	0	0	0	0	0	0	0	0	0	0	0	0	0	0	0	0	0	0	0	0	0	0	0	0	0	0	0	
11/03/2022 20:10:41	0	0	6	15.03	15.03	1.2	2319	1157	3.907	3.9072	19.1	0	False	4.181667	4.156667	4.185	4.2	1.3328	0	3.945	3.945	74.7	-0.023	3.907	0	0	0	0	0	0	0	0	0	0	0	0	0	0	0	19.1	0	0	0	0	0	0	0	0	0	0	0	0	0	0	0	0	0	0	0	0	0	0	0	0	0	0	0	0	0	0	0	0	0	0	
11/03/2022 20:10:51	0	0	6	15.03	15.03	1.2	2319	1167	3.909	3.9097	19	0	False	4.181667	4.195	4.133333	4.2	1.3444	0	3.945	3.945	74.7	-0.034	3.909	0	0	0	0	0	0	0	0	0	0	0	0	0	0	0	19	0	0	0	0	0	0	0	0	0	0	0	0	0	0	0	0	0	0	0	0	0	0	0	0	0	0	0	0	0	0	0	0	0	0	
11/03/2022 20:11:01	0	0	6	15.03	15.03	1.2	2323	1177	3.912	3.9125	19.1	0	False	4.198333	4.205	4.178333	4.2	1.3562	0	3.933	3.945	74.8	-0.034	3.912	0	0	0	0	0	0	0	0	0	0	0	0	0	0	0	19.1	0	0	0	0	0	0	0	0	0	0	0	0	0	0	0	0	0	0	0	0	0	0	0	0	0	0	0	0	0	0	0	0	0	0	
11/03/2022 20:11:11	0	0	6	15.03	15.03	1.2	2325	1187	3.914	3.9147	19.1	0	False	4.188334	4.185	4.255	4.2	1.3678	0	3.945	3.951	75.1	-0.034	3.914	0	0	0	0	0	0	0	0	0	0	0	0	0	0	0	19.1	0	0	0	0	0	0	0	0	0	0	0	0	0	0	0	0	0	0	0	0	0	0	0	0	0	0	0	0	0	0	0	0	0	0	
11/03/2022 20:11:21	0	0	6	15.03	15.03	1.2	2323	1197	3.917	3.9172	19.1	0	False	4.191667	4.193333	4.116667	4.2	1.3795	0	3.956	3.956	75.1	-0.034	3.917	0	0	0	0	0	0	0	0	0	0	0	0	0	0	0	19.1	0	0	0	0	0	0	0	0	0	0	0	0	0	0	0	0	0	0	0	0	0	0	0	0	0	0	0	0	0	0	0	0	0	0	
11/03/2022 20:11:31	0	0	6	15.03	15.03	1.2	2327	1207	3.919	3.9197	19.2	0	False	4.198333	4.193333	4.188334	4.2	1.3912	0	3.956	3.956	75.3	-0.034	3.919	0	0	0	0	0	0	0	0	0	0	0	0	0	0	0	19.2	0	0	0	0	0	0	0	0	0	0	0	0	0	0	0	0	0	0	0	0	0	0	0	0	0	0	0	0	0	0	0	0	0	0	
11/03/2022 20:11:41	0	0	6	15.03	15.03	1.2	2329	1217	3.922	3.9222	19.1	0	False	4.191667	4.195	4.266667	4.2	1.4028	0	3.956	3.956	75.4	-0.034	3.922	0	0	0	0	0	0	0	0	0	0	0	0	0	0	0	19.1	0	0	0	0	0	0	0	0	0	0	0	0	0	0	0	0	0	0	0	0	0	0	0	0	0	0	0	0	0	0	0	0	0	0	
11/03/2022 20:11:51	0	0	6	15.03	15.03	1.2	2329	1227	3.924	3.9247	19.1	0	False	4.198333	4.188334	4.135	4.2	1.4145	0	3.956	3.956	75.5	-0.034	3.924	0	0	0	0	0	0	0	0	0	0	0	0	0	0	0	19.1	0	0	0	0	0	0	0	0	0	0	0	0	0	0	0	0	0	0	0	0	0	0	0	0	0	0	0	0	0	0	0	0	0	0	
11/03/2022 20:12:01	0	0	6	15.03	15.03	1.2	2329	1237	3.926	3.9272	19.1	0	False	4.2	4.193333	4.211667	4.2	1.4262	0	3.956	3.961	75.6	-0.034	3.926	0	0	0	0	0	0	0	0	0	0	0	0	0	0	0	19.1	0	0	0	0	0	0	0	0	0	0	0	0	0	0	0	0	0	0	0	0	0	0	0	0	0	0	0	0	0	0	0	0	0	0	
11/03/2022 20:12:11	0	0	6	15.03	15.03	1.2	2333	1247	3.928	3.9297	19.1	0	False	4.186666	4.201667	4.255	4.2	1.4378	0	3.956	3.968	75.7	-0.034	3.928	0	0	0	0	0	0	0	0	0	0	0	0	0	0	0	19.1	0	0	0	0	0	0	0	0	0	0	0	0	0	0	0	0	0	0	0	0	0	0	0	0	0	0	0	0	0	0	0	0	0	0	
11/03/2022 20:12:21	0	0	6	15.03	15.03	1.2	2333	1256	3.931	3.9314	19	0	False	4.198333	4.221667	4.253334	4.2	1.4483	0	3.968	3.968	75.8	-0.034	3.931	0	0	0	0	0	0	0	0	0	0	0	0	0	0	0	19	0	0	0	0	0	0	0	0	0	0	0	0	0	0	0	0	0	0	0	0	0	0	0	0	0	0	0	0	0	0	0	0	0	0	
11/03/2022 20:12:31	0	0	6	15.03	15.03	1.2	2333	1266	3.933	3.9335	19.1	0	False	4.21	4.206666	4.2	4.2	1.46	0	3.968	3.968	76	-0.034	3.933	0	0	0	0	0	0	0	0	0	0	0	0	0	0	0	19.1	0	0	0	0	0	0	0	0	0	0	0	0	0	0	0	0	0	0	0	0	0	0	0	0	0	0	0	0	0	0	0	0	0	0	
11/03/2022 20:12:41	0	0	6	15.03	15.03	1.2	2333	1276	3.935	3.936	19	0	False	4.193333	4.18	4.19	4.2	1.4716	0	3.968	3.969	76.1	-0.034	3.935	0	0	0	0	0	0	0	0	0	0	0	0	0	0	0	19	0	0	0	0	0	0	0	0	0	0	0	0	0	0	0	0	0	0	0	0	0	0	0	0	0	0	0	0	0	0	0	0	0	0	
11/03/2022 20:12:51	0	0	6	15.03	15.03	1.2	2337	1286	3.938	3.9385	19.1	0	False	4.183333	4.186666	4.245	4.2	1.4832	0	3.968	3.979	76.2	-0.034	3.938	0	0	0	0	0	0	0	0	0	0	0	0	0	0	0	19.1	0	0	0	0	0	0	0	0	0	0	0	0	0	0	0	0	0	0	0	0	0	0	0	0	0	0	0	0	0	0	0	0	0	0	
11/03/2022 20:13:01	0	0	6	15.03	15.03	1.2	2337	1296	3.94	3.941	18.9	0	False	4.193333	4.208333	4.213333	4.2	1.4949	0	3.979	3.979	76.2	-0.046	3.94	0	0	0	0	0	0	0	0	0	0	0	0	0	0	0	18.9	0	0	0	0	0	0	0	0	0	0	0	0	0	0	0	0	0	0	0	0	0	0	0	0	0	0	0	0	0	0	0	0	0	0	
11/03/2022 20:13:11	0	0	6	15.03	15.03	1.2	2339	1306	3.942	3.9425	19	0	False	4.196667	4.185	4.173333	4.2	1.5066	0	3.979	3.979	76.3	-0.034	3.942	0	0	0	0	0	0	0	0	0	0	0	0	0	0	0	19	0	0	0	0	0	0	0	0	0	0	0	0	0	0	0	0	0	0	0	0	0	0	0	0	0	0	0	0	0	0	0	0	0	0	
11/03/2022 20:13:21	0	0	6	15.03	15.03	1.2	2341	1316	3.945	3.946	19	0	False	4.19	4.193333	4.288333	4.2	1.5183	0	3.979	3.98	76.6	-0.034	3.945	0	0	0	0	0	0	0	0	0	0	0	0	0	0	0	19	0	0	0	0	0	0	0	0	0	0	0	0	0	0	0	0	0	0	0	0	0	0	0	0	0	0	0	0	0	0	0	0	0	0	
11/03/2022 20:13:31	0	0	6	15.03	15.03	1.2	2341	1326	3.947	3.9485	18.7	0	False	4.193333	4.188334	4.25	4.2	1.5299	0	3.979	3.983	76.6	-0.034	3.947	0	0	0	0	0	0	0	0	0	0	0	0	0	0	0	18.7	0	0	0	0	0	0	0	0	0	0	0	0	0	0	0	0	0	0	0	0	0	0	0	0	0	0	0	0	0	0	0	0	0	0	
11/03/2022 20:13:41	0	0	6	15.03	15.03	1.2	2343	1336	3.949	3.95	18.8	0	False	4.203333	4.201667	4.213333	4.2	1.5416	0	3.979	3.991	76.8	-0.046	3.949	0	0	0	0	0	0	0	0	0	0	0	0	0	0	0	18.8	0	0	0	0	0	0	0	0	0	0	0	0	0	0	0	0	0	0	0	0	0	0	0	0	0	0	0	0	0	0	0	0	0	0	
11/03/2022 20:13:51	0	0	6	15.03	15.03	1.2	2343	1346	3.952	3.9522	18.7	0	False	4.19	4.183333	4.14	4.2	1.5532	0	3.991	3.991	76.9	-0.046	3.952	0	0	0	0	0	0	0	0	0	0	0	0	0	0	0	18.7	0	0	0	0	0	0	0	0	0	0	0	0	0	0	0	0	0	0	0	0	0	0	0	0	0	0	0	0	0	0	0	0	0	0	
11/03/2022 20:14:01	0	0	6	15.03	15.03	1.2	2345	1356	3.954	3.9547	18.7	0	False	4.186666	4.186666	4.273334	4.2	1.5649	0	3.991	3.991	77.1	-0.034	3.954	0	0	0	0	0	0	0	0	0	0	0	0	0	0	0	18.7	0	0	0	0	0	0	0	0	0	0	0	0	0	0	0	0	0	0	0	0	0	0	0	0	0	0	0	0	0	0	0	0	0	0	
11/03/2022 20:14:11	0	0	6	15.03	15.03	1.2	2347	1366	3.956	3.9567	18.5	0	False	4.193333	4.215	4.205	4.2	1.5766	0	3.991	3.991	77.1	-0.034	3.956	0	0	0	0	0	0	0	0	0	0	0	0	0	0	0	18.5	0	0	0	0	0	0	0	0	0	0	0	0	0	0	0	0	0	0	0	0	0	0	0	0	0	0	0	0	0	0	0	0	0	0	
11/03/2022 20:14:21	0	0	6	15.03	15.03	1.3	2345	1376	3.958	3.9585	18.6	0	False	4.186666	4.191667	4.325	4.2	1.5882	0	3.991	3.992	77.2	-0.034	3.958	0	0	0	0	0	0	0	0	0	0	0	0	0	0	0	18.6	0	0	0	0	0	0	0	0	0	0	0	0	0	0	0	0	0	0	0	0	0	0	0	0	0	0	0	0	0	0	0	0	0	0	
11/03/2022 20:14:31	0	0	6	15.03	15.03	1.3	2349	1386	3.96	3.961	18.6	0	False	4.185	4.183333	4.273334	4.2	1.5998	0	3.991	4.002	77.3	-0.034	3.96	0	0	0	0	0	0	0	0	0	0	0	0	0	0	0	18.6	0	0	0	0	0	0	0	0	0	0	0	0	0	0	0	0	0	0	0	0	0	0	0	0	0	0	0	0	0	0	0	0	0	0	
11/03/2022 20:14:41	0	0	6	15.03	15.03	1.2	2347	1394	3.962	3.9627	18.6	0	False	4.188334	4.223333	4.223333	4.2	1.6092	0	3.991	4.002	77.3	-0.046	3.962	0	0	0	0	0	0	0	0	0	0	0	0	0	0	0	18.6	0	0	0	0	0	0	0	0	0	0	0	0	0	0	0	0	0	0	0	0	0	0	0	0	0	0	0	0	0	0	0	0	0	0	
11/03/2022 20:14:51	0	0	6	15.03	15.03	1.2	2351	1406	3.964	3.9649	18.7	0	False	4.195	4.19	4.211667	4.2	1.6232	0	4.002	4.002	77.5	-0.034	3.964	0	0	0	0	0	0	0	0	0	0	0	0	0	0	0	18.7	0	0	0	0	0	0	0	0	0	0	0	0	0	0	0	0	0	0	0	0	0	0	0	0	0	0	0	0	0	0	0	0	0	0	
11/03/2022 20:15:01	0	0	6	15.03	15.03	1.3	2353	1415	3.967	3.9674	18.7	0	False	4.19	4.218333	4.276667	4.2	1.6337	0	4.002	4.002	77.7	-0.034	3.967	0	0	0	0	0	0	0	0	0	0	0	0	0	0	0	18.7	0	0	0	0	0	0	0	0	0	0	0	0	0	0	0	0	0	0	0	0	0	0	0	0	0	0	0	0	0	0	0	0	0	0	
11/03/2022 20:15:11	0	0	6	15.03	15.03	1.2	2353	1425	3.969	3.9697	18.6	0	False	4.196667	4.211667	4.211667	4.2	1.6453	0	4.002	4.002	77.7	-0.034	3.969	0	0	0	0	0	0	0	0	0	0	0	0	0	0	0	18.6	0	0	0	0	0	0	0	0	0	0	0	0	0	0	0	0	0	0	0	0	0	0	0	0	0	0	0	0	0	0	0	0	0	0	
11/03/2022 20:15:21	0	0	6	15.03	15.03	1.2	2355	1435	3.971	3.9722	18.7	0	False	4.206666	4.198333	4.2	4.2	1.657	0	4.002	4.008	77.8	-0.034	3.971	0	0	0	0	0	0	0	0	0	0	0	0	0	0	0	18.7	0	0	0	0	0	0	0	0	0	0	0	0	0	0	0	0	0	0	0	0	0	0	0	0	0	0	0	0	0	0	0	0	0	0	
11/03/2022 20:15:31	0	0	6	15.03	15.03	1.3	2357	1445	3.973	3.9736	18.7	0	False	4.19	4.201667	4.295	4.2	1.6686	0	4.002	4.014	78	-0.034	3.973	0	0	0	0	0	0	0	0	0	0	0	0	0	0	0	18.7	0	0	0	0	0	0	0	0	0	0	0	0	0	0	0	0	0	0	0	0	0	0	0	0	0	0	0	0	0	0	0	0	0	0	
11/03/2022 20:15:41	0	0	6	15.03	15.03	1.2	2355	1455	3.975	3.976	18.6	0	False	4.19	4.198333	4.133333	4.2	1.6803	0	4.002	4.014	78.1	-0.046	3.975	0	0	0	0	0	0	0	0	0	0	0	0	0	0	0	18.6	0	0	0	0	0	0	0	0	0	0	0	0	0	0	0	0	0	0	0	0	0	0	0	0	0	0	0	0	0	0	0	0	0	0	
11/03/2022 20:15:51	0	0	6	15.03	15.03	1.2	2357	1465	3.978	3.9785	18.6	0	False	4.2	4.198333	4.205	4.2	1.692	0	4.014	4.014	78.2	-0.034	3.978	0	0	0	0	0	0	0	0	0	0	0	0	0	0	0	18.6	0	0	0	0	0	0	0	0	0	0	0	0	0	0	0	0	0	0	0	0	0	0	0	0	0	0	0	0	0	0	0	0	0	0	
11/03/2022 20:16:01	0	0	6	15.03	15.03	1.2	2359	1475	3.98	3.981	18.6	0	False	4.19	4.195	4.178333	4.2	1.7037	0	4.014	4.014	78.3	-0.034	3.98	0	0	0	0	0	0	0	0	0	0	0	0	0	0	0	18.6	0	0	0	0	0	0	0	0	0	0	0	0	0	0	0	0	0	0	0	0	0	0	0	0	0	0	0	0	0	0	0	0	0	0	
11/03/2022 20:16:11	0	0	6	15.03	15.03	1.2	2359	1485	3.983	3.9835	18.6	0	False	4.19	4.201667	4.135	4.2	1.7153	0	4.014	4.018	78.3	-0.034	3.983	0	0	0	0	0	0	0	0	0	0	0	0	0	0	0	18.6	0	0	0	0	0	0	0	0	0	0	0	0	0	0	0	0	0	0	0	0	0	0	0	0	0	0	0	0	0	0	0	0	0	0	
11/03/2022 20:16:21	0	0	6	15.03	15.03	1.2	2363	1495	3.985	3.986	18.7	0	False	4.2	4.198333	4.21	4.2	1.727	0	4.025	4.025	78.6	-0.046	3.985	0	0	0	0	0	0	0	0	0	0	0	0	0	0	0	18.7	0	0	0	0	0	0	0	0	0	0	0	0	0	0	0	0	0	0	0	0	0	0	0	0	0	0	0	0	0	0	0	0	0	0	
11/03/2022 20:16:31	0	0	6	15.03	15.03	1.3	2365	1505	3.987	3.9885	18.7	0	False	4.191667	4.203333	4.273334	4.2	1.7386	0	4.014	4.025	78.7	-0.034	3.987	0	0	0	0	0	0	0	0	0	0	0	0	0	0	0	18.7	0	0	0	0	0	0	0	0	0	0	0	0	0	0	0	0	0	0	0	0	0	0	0	0	0	0	0	0	0	0	0	0	0	0	
11/03/2022 20:16:41	0	0	6	15.03	15.03	1.3	2365	1515	3.989	3.9907	18.6	0	False	4.201667	4.191667	4.235	4.2	1.7503	0	4.025	4.025	78.8	-0.034	3.989	0	0	0	0	0	0	0	0	0	0	0	0	0	0	0	18.6	0	0	0	0	0	0	0	0	0	0	0	0	0	0	0	0	0	0	0	0	0	0	0	0	0	0	0	0	0	0	0	0	0	0	
11/03/2022 20:16:51	0	0	6	15.03	15.03	1.2	2367	1525	3.993	3.9935	18.4	0	False	4.203333	4.193333	4.2	4.2	1.762	0	4.025	4.027	78.8	-0.034	3.993	0	0	0	0	0	0	0	0	0	0	0	0	0	0	0	18.4	0	0	0	0	0	0	0	0	0	0	0	0	0	0	0	0	0	0	0	0	0	0	0	0	0	0	0	0	0	0	0	0	0	0	
11/03/2022 20:17:01	0	0	6	15.03	15.03	1.2	2367	1535	3.995	3.996	18.6	0	False	4.19	4.19	4.143333	4.2	1.7736	0	4.025	4.037	79.1	-0.034	3.995	0	0	0	0	0	0	0	0	0	0	0	0	0	0	0	18.6	0	0	0	0	0	0	0	0	0	0	0	0	0	0	0	0	0	0	0	0	0	0	0	0	0	0	0	0	0	0	0	0	0	0	
11/03/2022 20:17:11	0	0	6	15.03	15.03	1.2	2367	1545	3.998	3.9985	18.5	0	False	4.19	4.2	4.235	4.2	1.7853	0	4.037	4.037	79.2	-0.046	3.998	0	0	0	0	0	0	0	0	0	0	0	0	0	0	0	18.5	0	0	0	0	0	0	0	0	0	0	0	0	0	0	0	0	0	0	0	0	0	0	0	0	0	0	0	0	0	0	0	0	0	0	
11/03/2022 20:17:21	0	0	6	15.03	15.03	1.2	2371	1555	4	4.0013	18.4	0	False	4.191667	4.19	4.19	4.2	1.797	0	4.037	4.037	79.3	-0.034	4	0	0	0	0	0	0	0	0	0	0	0	0	0	0	0	18.4	0	0	0	0	0	0	0	0	0	0	0	0	0	0	0	0	0	0	0	0	0	0	0	0	0	0	0	0	0	0	0	0	0	0	
11/03/2022 20:17:31	0	0	6	15.03	15.03	1.2	2371	1565	4.004	4.0047	18.7	0	False	4.188334	4.185	4.151667	4.2	1.8086	0	4.037	4.048	79.6	-0.034	4.004	0	0	0	0	0	0	0	0	0	0	0	0	0	0	0	18.7	0	0	0	0	0	0	0	0	0	0	0	0	0	0	0	0	0	0	0	0	0	0	0	0	0	0	0	0	0	0	0	0	0	0	
11/03/2022 20:17:41	0	0	6	15.03	15.03	1.2	2375	1574	4.007	4.0072	18.6	0	False	4.198333	4.2	4.2	4.2	1.8191	0	4.048	4.048	79.6	-0.046	4.007	0	0	0	0	0	0	0	0	0	0	0	0	0	0	0	18.6	0	0	0	0	0	0	0	0	0	0	0	0	0	0	0	0	0	0	0	0	0	0	0	0	0	0	0	0	0	0	0	0	0	0	
11/03/2022 20:17:51	0	0	6	15.03	15.03	1.2	2375	1584	4.01	4.011	18.8	0	False	4.191667	4.206666	4.136667	4.2	1.8307	0	4.048	4.048	79.8	-0.046	4.01	0	0	0	0	0	0	0	0	0	0	0	0	0	0	0	18.8	0	0	0	0	0	0	0	0	0	0	0	0	0	0	0	0	0	0	0	0	0	0	0	0	0	0	0	0	0	0	0	0	0	0	
11/03/2022 20:18:01	0	0	6	15.03	15.03	1.2	2377	1594	4.013	4.0135	18.9	0	False	4.201667	4.215	4.223333	4.2	1.8424	0	4.048	4.048	79.8	-0.034	4.013	0	0	0	0	0	0	0	0	0	0	0	0	0	0	0	18.9	0	0	0	0	0	0	0	0	0	0	0	0	0	0	0	0	0	0	0	0	0	0	0	0	0	0	0	0	0	0	0	0	0	0	
11/03/2022 20:18:11	0	0	6	15.03	15.03	1.2	2379	1604	4.016	4.0171	18.9	0	False	4.195	4.176667	4.155	4.2	1.854	0	4.048	4.06	80.3	-0.034	4.016	0	0	0	0	0	0	0	0	0	0	0	0	0	0	0	18.9	0	0	0	0	0	0	0	0	0	0	0	0	0	0	0	0	0	0	0	0	0	0	0	0	0	0	0	0	0	0	0	0	0	0	
11/03/2022 20:18:21	0	0	6	15.03	15.03	1.3	2381	1614	4.019	4.0197	18.9	0	False	4.188334	4.183333	4.245	4.2	1.8656	0	4.048	4.06	80.6	-0.046	4.019	0	0	0	0	0	0	0	0	0	0	0	0	0	0	0	18.9	0	0	0	0	0	0	0	0	0	0	0	0	0	0	0	0	0	0	0	0	0	0	0	0	0	0	0	0	0	0	0	0	0	0	
11/03/2022 20:18:31	0	0	6	15.03	15.03	1.2	2383	1624	4.022	4.0235	18.8	0	False	4.198333	4.2	4.186666	4.2	1.8773	0	4.06	4.06	80.8	-0.034	4.022	0	0	0	0	0	0	0	0	0	0	0	0	0	0	0	18.8	0	0	0	0	0	0	0	0	0	0	0	0	0	0	0	0	0	0	0	0	0	0	0	0	0	0	0	0	0	0	0	0	0	0	
11/03/2022 20:18:41	0	0	6	15.03	15.03	1.2	2383	1634	4.025	4.0261	18.8	0	False	4.195	4.201667	4.14	4.2	1.8889	0	4.06	4.06	81.2	-0.034	4.025	0	0	0	0	0	0	0	0	0	0	0	0	0	0	0	18.8	0	0	0	0	0	0	0	0	0	0	0	0	0	0	0	0	0	0	0	0	0	0	0	0	0	0	0	0	0	0	0	0	0	0	
11/03/2022 20:18:51	0	0	6	15.03	15.03	1.3	2385	1644	4.029	4.0297	18.8	0	False	4.201667	4.205	4.211667	4.2	1.9006	0	4.06	4.071	81.5	-0.034	4.029	0	0	0	0	0	0	0	0	0	0	0	0	0	0	0	18.8	0	0	0	0	0	0	0	0	0	0	0	0	0	0	0	0	0	0	0	0	0	0	0	0	0	0	0	0	0	0	0	0	0	0	
11/03/2022 20:19:01	0	0	6	15.03	15.03	1.2	2387	1654	4.033	4.0335	18.8	0	False	4.188334	4.196667	4.161667	4.2	1.9122	0	4.071	4.071	81.7	-0.046	4.033	0	0	0	0	0	0	0	0	0	0	0	0	0	0	0	18.8	0	0	0	0	0	0	0	0	0	0	0	0	0	0	0	0	0	0	0	0	0	0	0	0	0	0	0	0	0	0	0	0	0	0	
11/03/2022 20:19:11	0	0	6	15.03	15.03	1.2	2389	1664	4.036	4.0366	18.8	0	False	4.195	4.206666	4.125	4.2	1.9239	0	4.071	4.072	82.2	-0.034	4.036	0	0	0	0	0	0	0	0	0	0	0	0	0	0	0	18.8	0	0	0	0	0	0	0	0	0	0	0	0	0	0	0	0	0	0	0	0	0	0	0	0	0	0	0	0	0	0	0	0	0	0	
11/03/2022 20:19:21	0	0	6	15.03	15.03	1.2	2391	1674	4.039	4.0402	18.7	0	False	4.188334	4.215	4.128334	4.2	1.9355	0	4.071	4.081	82.5	-0.034	4.039	0	0	0	0	0	0	0	0	0	0	0	0	0	0	0	18.7	0	0	0	0	0	0	0	0	0	0	0	0	0	0	0	0	0	0	0	0	0	0	0	0	0	0	0	0	0	0	0	0	0	0	
11/03/2022 20:19:31	0	0	6	15.03	15.03	1.3	2395	1684	4.043	4.0438	18.7	0	False	4.195	4.201667	4.185	4.2	1.9472	0	4.082	4.082	83	-0.046	4.043	0	0	0	0	0	0	0	0	0	0	0	0	0	0	0	18.7	0	0	0	0	0	0	0	0	0	0	0	0	0	0	0	0	0	0	0	0	0	0	0	0	0	0	0	0	0	0	0	0	0	0	
11/03/2022 20:19:41	0	0	6	15.03	15.03	1.3	2397	1694	4.047	4.0472	18.9	0	False	4.198333	4.223333	4.245	4.2	1.9589	0	4.082	4.082	83.3	-0.034	4.047	0	0	0	0	0	0	0	0	0	0	0	0	0	0	0	18.9	0	0	0	0	0	0	0	0	0	0	0	0	0	0	0	0	0	0	0	0	0	0	0	0	0	0	0	0	0	0	0	0	0	0	
11/03/2022 20:19:51	0	0	6	15.03	15.03	1.3	2397	1703	4.05	4.051	18.8	0	False	4.205	4.208333	4.188334	4.2	1.9694	0	4.094	4.086	83.7	-0.034	4.05	0	0	0	0	0	0	0	0	0	0	0	0	0	0	0	18.8	0	0	0	0	0	0	0	0	0	0	0	0	0	0	0	0	0	0	0	0	0	0	0	0	0	0	0	0	0	0	0	0	0	0	
11/03/2022 20:20:01	0	0	6	15.03	15.03	1.2	2399	1713	4.054	4.0547	18.7	0	False	4.19	4.151667	4.13	4.2	1.981	0	4.094	4.094	84.1	-0.034	4.054	0	0	0	0	0	0	0	0	0	0	0	0	0	0	0	18.7	0	0	0	0	0	0	0	0	0	0	0	0	0	0	0	0	0	0	0	0	0	0	0	0	0	0	0	0	0	0	0	0	0	0	
11/03/2022 20:20:11	0	0	6	15.03	15.03	1.3	2401	1723	4.058	4.0585	18.7	0	False	4.193333	4.213333	4.228333	4.2	1.9926	0	4.094	4.094	84.4	-0.034	4.058	0	0	0	0	0	0	0	0	0	0	0	0	0	0	0	18.7	0	0	0	0	0	0	0	0	0	0	0	0	0	0	0	0	0	0	0	0	0	0	0	0	0	0	0	0	0	0	0	0	0	0	
11/03/2022 20:20:21	0	0	6	15.03	15.03	1.2	2403	1733	4.062	4.0622	18.8	0	False	4.19	4.185	4.178333	4.2	2.0043	0	4.094	4.105	84.9	-0.034	4.062	0	0	0	0	0	0	0	0	0	0	0	0	0	0	0	18.8	0	0	0	0	0	0	0	0	0	0	0	0	0	0	0	0	0	0	0	0	0	0	0	0	0	0	0	0	0	0	0	0	0	0	
11/03/2022 20:20:31	0	0	6	15.03	15.03	1.3	2405	1743	4.065	4.066	18.8	0	False	4.196667	4.21	4.208333	4.2	2.016	0	4.105	4.105	85.2	-0.046	4.065	0	0	0	0	0	0	0	0	0	0	0	0	0	0	0	18.8	0	0	0	0	0	0	0	0	0	0	0	0	0	0	0	0	0	0	0	0	0	0	0	0	0	0	0	0	0	0	0	0	0	0	
11/03/2022 20:20:41	0	0	6	15.03	15.03	1.3	2407	1753	4.069	4.0697	18.8	0	False	4.19	4.171667	4.178333	4.2	2.0276	0	4.105	4.105	85.7	-0.034	4.069	0	0	0	0	0	0	0	0	0	0	0	0	0	0	0	18.8	0	0	0	0	0	0	0	0	0	0	0	0	0	0	0	0	0	0	0	0	0	0	0	0	0	0	0	0	0	0	0	0	0	0	
11/03/2022 20:20:51	0	0	6	15.03	15.03	1.3	2411	1763	4.073	4.0735	18.6	0	False	4.193333	4.21	4.205	4.2	2.0393	0	4.117	4.115	85.8	-0.046	4.073	0	0	0	0	0	0	0	0	0	0	0	0	0	0	0	18.6	0	0	0	0	0	0	0	0	0	0	0	0	0	0	0	0	0	0	0	0	0	0	0	0	0	0	0	0	0	0	0	0	0	0	
11/03/2022 20:21:01	0	0	6	15.03	15.03	1.3	2413	1773	4.077	4.0772	18.7	0	False	4.191667	4.183333	4.25	4.2	2.0509	0	4.117	4.117	86.5	-0.046	4.077	0	0	0	0	0	0	0	0	0	0	0	0	0	0	0	18.7	0	0	0	0	0	0	0	0	0	0	0	0	0	0	0	0	0	0	0	0	0	0	0	0	0	0	0	0	0	0	0	0	0	0	
11/03/2022 20:21:11	0	0	6	15.03	15.03	1.3	2413	1783	4.081	4.0822	18.7	0	False	4.198333	4.21	4.213333	4.2	2.0626	0	4.117	4.117	86.7	-0.034	4.081	0	0	0	0	0	0	0	0	0	0	0	0	0	0	0	18.7	0	0	0	0	0	0	0	0	0	0	0	0	0	0	0	0	0	0	0	0	0	0	0	0	0	0	0	0	0	0	0	0	0	0	
11/03/2022 20:21:21	0	0	6	15.03	15.03	1.3	2417	1793	4.085	4.086	18.6	0	False	4.196667	4.203333	4.273334	4.2	2.0743	0	4.128	4.125	87.4	-0.034	4.085	0	0	0	0	0	0	0	0	0	0	0	0	0	0	0	18.6	0	0	0	0	0	0	0	0	0	0	0	0	0	0	0	0	0	0	0	0	0	0	0	0	0	0	0	0	0	0	0	0	0	0	
11/03/2022 20:21:31	0	0	6	15.03	15.03	1.3	2417	1801	4.088	4.0885	18.4	0	False	4.195	4.161667	4.211667	4.2	2.0836	0	4.117	4.128	87.6	-0.034	4.088	0	0	0	0	0	0	0	0	0	0	0	0	0	0	0	18.4	0	0	0	0	0	0	0	0	0	0	0	0	0	0	0	0	0	0	0	0	0	0	0	0	0	0	0	0	0	0	0	0	0	0	
11/03/2022 20:21:41	0	0	6	15.03	15.03	1.3	2421	1813	4.092	4.0935	18.4	0	False	4.19	4.185	4.288333	4.2	2.0975	0	4.128	4.128	87.9	-0.034	4.092	0	0	0	0	0	0	0	0	0	0	0	0	0	0	0	18.4	0	0	0	0	0	0	0	0	0	0	0	0	0	0	0	0	0	0	0	0	0	0	0	0	0	0	0	0	0	0	0	0	0	0	
11/03/2022 20:21:51	0	0	6	15.03	15.03	1.3	2421	1823	4.096	4.0973	18.3	0	False	4.193333	4.216667	4.1	4.2	2.1092	0	4.128	4.133	88.3	-0.034	4.096	0	0	0	0	0	0	0	0	0	0	0	0	0	0	0	18.3	0	0	0	0	0	0	0	0	0	0	0	0	0	0	0	0	0	0	0	0	0	0	0	0	0	0	0	0	0	0	0	0	0	0	
11/03/2022 20:22:01	0	0	6	15.03	15.03	1.3	2423	1833	4.099	4.0999	18.3	0	False	4.188334	4.178333	4.178333	4.2	2.1209	0	4.128	4.14	88.6	-0.046	4.099	0	0	0	0	0	0	0	0	0	0	0	0	0	0	0	18.3	0	0	0	0	0	0	0	0	0	0	0	0	0	0	0	0	0	0	0	0	0	0	0	0	0	0	0	0	0	0	0	0	0	0	
11/03/2022 20:22:11	0	0	6	15.03	15.03	1.3	2423	1843	4.103	4.1035	18.4	0	False	4.188334	4.215	4.223333	4.2	2.1325	0	4.128	4.14	89.1	-0.034	4.103	0	0	0	0	0	0	0	0	0	0	0	0	0	0	0	18.4	0	0	0	0	0	0	0	0	0	0	0	0	0	0	0	0	0	0	0	0	0	0	0	0	0	0	0	0	0	0	0	0	0	0	
11/03/2022 20:22:21	0	0	6	15.03	15.03	1.3	2427	1853	4.106	4.1073	18.5	0	False	4.191667	4.18	4.146667	4.2	2.1442	0	4.14	4.14	89.4	-0.034	4.106	0	0	0	0	0	0	0	0	0	0	0	0	0	0	0	18.5	0	0	0	0	0	0	0	0	0	0	0	0	0	0	0	0	0	0	0	0	0	0	0	0	0	0	0	0	0	0	0	0	0	0	
11/03/2022 20:22:31	0	0	6	15.03	15.03	1.3	2427	1862	4.109	4.1098	18.5	0	False	4.195	4.193333	4.113333	4.2	2.1546	0	4.14	4.151	89.6	-0.034	4.109	0	0	0	0	0	0	0	0	0	0	0	0	0	0	0	18.5	0	0	0	0	0	0	0	0	0	0	0	0	0	0	0	0	0	0	0	0	0	0	0	0	0	0	0	0	0	0	0	0	0	0	
11/03/2022 20:22:41	0	0	6	15.03	15.03	1.3	2429	1872	4.113	4.1135	18.5	0	False	4.2	4.198333	4.193333	4.2	2.1663	0	4.14	4.151	90	-0.034	4.113	0	0	0	0	0	0	0	0	0	0	0	0	0	0	0	18.5	0	0	0	0	0	0	0	0	0	0	0	0	0	0	0	0	0	0	0	0	0	0	0	0	0	0	0	0	0	0	0	0	0	0	
11/03/2022 20:22:51	0	0	6	15.03	15.03	1.3	2433	1882	4.116	4.1165	18.4	0	False	4.183333	4.181667	4.245	4.2	2.1779	0	4.151	4.151	90.4	-0.034	4.116	0	0	0	0	0	0	0	0	0	0	0	0	0	0	0	18.4	0	0	0	0	0	0	0	0	0	0	0	0	0	0	0	0	0	0	0	0	0	0	0	0	0	0	0	0	0	0	0	0	0	0	
11/03/2022 20:23:01	0	0	6	15.03	15.03	1.3	2433	1892	4.119	4.1198	18.5	0	False	4.193333	4.223333	4.228333	4.2	2.1896	0	4.163	4.163	90.5	-0.034	4.119	0	0	0	0	0	0	0	0	0	0	0	0	0	0	0	18.5	0	0	0	0	0	0	0	0	0	0	0	0	0	0	0	0	0	0	0	0	0	0	0	0	0	0	0	0	0	0	0	0	0	0	
11/03/2022 20:23:11	0	0	6	15.03	15.03	1.3	2433	1902	4.122	4.1223	18.4	0	False	4.191667	4.183333	4.155	4.2	2.2013	0	4.163	4.163	90.8	-0.034	4.122	0	0	0	0	0	0	0	0	0	0	0	0	0	0	0	18.4	0	0	0	0	0	0	0	0	0	0	0	0	0	0	0	0	0	0	0	0	0	0	0	0	0	0	0	0	0	0	0	0	0	0	
11/03/2022 20:23:21	0	0	6	15.03	15.03	1.3	2437	1912	4.124	4.1249	18.4	0	False	4.183333	4.19	4.28	4.2	2.2129	0	4.163	4.163	91.3	-0.034	4.124	0	0	0	0	0	0	0	0	0	0	0	0	0	0	0	18.4	0	0	0	0	0	0	0	0	0	0	0	0	0	0	0	0	0	0	0	0	0	0	0	0	0	0	0	0	0	0	0	0	0	0	
11/03/2022 20:23:31	0	0	6	15.03	15.03	1.3	2439	1922	4.127	4.1274	18.2	0	False	4.196667	4.195	4.19	4.2	2.2246	0	4.163	4.163	91.4	-0.034	4.127	0	0	0	0	0	0	0	0	0	0	0	0	0	0	0	18.2	0	0	0	0	0	0	0	0	0	0	0	0	0	0	0	0	0	0	0	0	0	0	0	0	0	0	0	0	0	0	0	0	0	0	
11/03/2022 20:23:41	0	0	6	15.03	15.03	1.3	2439	1932	4.129	4.1298	18.2	0	False	4.19	4.173333	4.173333	4.2	2.2363	0	4.174	4.174	91.7	-0.034	4.129	0	0	0	0	0	0	0	0	0	0	0	0	0	0	0	18.2	0	0	0	0	0	0	0	0	0	0	0	0	0	0	0	0	0	0	0	0	0	0	0	0	0	0	0	0	0	0	0	0	0	0	
11/03/2022 20:23:51	0	0	6	15.03	15.03	1.3	2439	1942	4.132	4.1323	18.3	0	False	4.19	4.198333	4.14	4.2	2.2479	0	4.174	4.174	91.8	-0.034	4.132	0	0	0	0	0	0	0	0	0	0	0	0	0	0	0	18.3	0	0	0	0	0	0	0	0	0	0	0	0	0	0	0	0	0	0	0	0	0	0	0	0	0	0	0	0	0	0	0	0	0	0	
11/03/2022 20:24:01	0	0	6	15.03	15.03	1.3	2439	1952	4.133	4.1348	18.3	0	False	4.19	4.203333	4.125	4.2	2.2596	0	4.174	4.174	92.1	-0.046	4.133	0	0	0	0	0	0	0	0	0	0	0	0	0	0	0	18.3	0	0	0	0	0	0	0	0	0	0	0	0	0	0	0	0	0	0	0	0	0	0	0	0	0	0	0	0	0	0	0	0	0	0	
11/03/2022 20:24:11	0	0	6	15.03	15.03	1.3	2443	1962	4.135	4.136	18.2	0	False	4.195	4.183333	4.178333	4.2	2.2713	0	4.174	4.174	92.4	-0.023	4.135	0	0	0	0	0	0	0	0	0	0	0	0	0	0	0	18.2	0	0	0	0	0	0	0	0	0	0	0	0	0	0	0	0	0	0	0	0	0	0	0	0	0	0	0	0	0	0	0	0	0	0	
11/03/2022 20:24:21	0	0	6	15.03	15.03	1.3	2445	1972	4.138	4.1385	18.2	0	False	4.181667	4.17	4.295	4.2	2.2828	0	4.174	4.175	92.6	-0.034	4.138	0	0	0	0	0	0	0	0	0	0	0	0	0	0	0	18.2	0	0	0	0	0	0	0	0	0	0	0	0	0	0	0	0	0	0	0	0	0	0	0	0	0	0	0	0	0	0	0	0	0	0	
11/03/2022 20:24:31	0	0	6	15.03	15.03	1.3	2445	1982	4.139	4.1399	18.3	0	False	4.181667	4.18	4.223333	4.2	2.2945	0	4.174	4.179	92.7	-0.034	4.139	0	0	0	0	0	0	0	0	0	0	0	0	0	0	0	18.3	0	0	0	0	0	0	0	0	0	0	0	0	0	0	0	0	0	0	0	0	0	0	0	0	0	0	0	0	0	0	0	0	0	0	
11/03/2022 20:24:41	0	0	6	15.03	15.03	1.3	2445	1992	4.141	4.1415	18.4	0	False	4.195	4.21	4.098333	4.2	2.3062	0	4.186	4.186	92.7	-0.046	4.141	0	0	0	0	0	0	0	0	0	0	0	0	0	0	0	18.4	0	0	0	0	0	0	0	0	0	0	0	0	0	0	0	0	0	0	0	0	0	0	0	0	0	0	0	0	0	0	0	0	0	0	
11/03/2022 20:24:51	0	0	6	15.03	15.03	1.3	2449	2002	4.142	4.1435	18.5	0	False	4.196667	4.19	4.178333	4.2	2.3179	0	4.174	4.186	92.8	-0.046	4.142	0	0	0	0	0	0	0	0	0	0	0	0	0	0	0	18.5	0	0	0	0	0	0	0	0	0	0	0	0	0	0	0	0	0	0	0	0	0	0	0	0	0	0	0	0	0	0	0	0	0	0	
11/03/2022 20:25:01	0	0	6	15.03	15.03	1.3	2447	2012	4.144	4.1448	18.5	0	False	4.18	4.178333	4.173333	4.2	2.3295	0	4.174	4.186	93.3	-0.034	4.144	0	0	0	0	0	0	0	0	0	0	0	0	0	0	0	18.5	0	0	0	0	0	0	0	0	0	0	0	0	0	0	0	0	0	0	0	0	0	0	0	0	0	0	0	0	0	0	0	0	0	0	
11/03/2022 20:25:11	0	0	6	15.03	15.03	1.3	2449	2021	4.145	4.1462	18.7	0	False	4.185	4.206666	4.276667	4.2	2.34	0	4.186	4.186	93.4	-0.046	4.145	0	0	0	0	0	0	0	0	0	0	0	0	0	0	0	18.7	0	0	0	0	0	0	0	0	0	0	0	0	0	0	0	0	0	0	0	0	0	0	0	0	0	0	0	0	0	0	0	0	0	0	
11/03/2022 20:25:21	0	0	6	15.03	15.03	1.3	2449	2031	4.147	4.1473	18.7	0	False	4.186666	4.205	4.263333	4.2	2.3517	0	4.186	4.186	93.5	-0.046	4.147	0	0	0	0	0	0	0	0	0	0	0	0	0	0	0	18.7	0	0	0	0	0	0	0	0	0	0	0	0	0	0	0	0	0	0	0	0	0	0	0	0	0	0	0	0	0	0	0	0	0	0	
11/03/2022 20:25:31	0	0	6	15.03	15.03	1.3	2449	2041	4.148	4.1485	18.6	0	False	4.2	4.206666	4.223333	4.2	2.3634	0	4.186	4.186	93.5	-0.034	4.148	0	0	0	0	0	0	0	0	0	0	0	0	0	0	0	18.6	0	0	0	0	0	0	0	0	0	0	0	0	0	0	0	0	0	0	0	0	0	0	0	0	0	0	0	0	0	0	0	0	0	0	
11/03/2022 20:25:41	0	0	6	15.03	15.03	1.3	2449	2051	4.149	4.1501	18.5	0	False	4.196667	4.201667	4.223333	4.2	2.375	0	4.186	4.186	93.7	-0.034	4.149	0	0	0	0	0	0	0	0	0	0	0	0	0	0	0	18.5	0	0	0	0	0	0	0	0	0	0	0	0	0	0	0	0	0	0	0	0	0	0	0	0	0	0	0	0	0	0	0	0	0	0	
11/03/2022 20:25:51	0	0	6	15.03	15.03	1.3	2451	2061	4.151	4.1515	18.5	0	False	4.185	4.176667	4.178333	4.2	2.3866	0	4.186	4.188	93.8	-0.034	4.151	0	0	0	0	0	0	0	0	0	0	0	0	0	0	0	18.5	0	0	0	0	0	0	0	0	0	0	0	0	0	0	0	0	0	0	0	0	0	0	0	0	0	0	0	0	0	0	0	0	0	0	
11/03/2022 20:26:01	0	0	6	15.03	15.03	1.3	2453	2071	4.152	4.1535	18.6	0	False	4.183333	4.193333	4.263333	4.2	2.3982	0	4.186	4.197	94	-0.034	4.152	0	0	0	0	0	0	0	0	0	0	0	0	0	0	0	18.6	0	0	0	0	0	0	0	0	0	0	0	0	0	0	0	0	0	0	0	0	0	0	0	0	0	0	0	0	0	0	0	0	0	0	
11/03/2022 20:26:11	0	0	6	15.03	15.03	1.3	2453	2081	4.153	4.1541	18.5	0	False	4.185	4.193333	4.235	4.2	2.4099	0	4.186	4.197	94.2	-0.046	4.153	0	0	0	0	0	0	0	0	0	0	0	0	0	0	0	18.5	0	0	0	0	0	0	0	0	0	0	0	0	0	0	0	0	0	0	0	0	0	0	0	0	0	0	0	0	0	0	0	0	0	0	
11/03/2022 20:26:21	0	0	6	15.03	15.03	1.3	2453	2091	4.155	4.156	18.5	0	False	4.195	4.216667	4.205	4.2	2.4216	0	4.186	4.197	94.2	-0.046	4.155	0	0	0	0	0	0	0	0	0	0	0	0	0	0	0	18.5	0	0	0	0	0	0	0	0	0	0	0	0	0	0	0	0	0	0	0	0	0	0	0	0	0	0	0	0	0	0	0	0	0	0	
11/03/2022 20:26:31	0	0	6	15.03	15.03	1.3	2453	2101	4.157	4.1573	18.5	0	False	4.205	4.2	4.185	4.2	2.4333	0	4.197	4.197	94.4	-0.046	4.157	0	0	0	0	0	0	0	0	0	0	0	0	0	0	0	18.5	0	0	0	0	0	0	0	0	0	0	0	0	0	0	0	0	0	0	0	0	0	0	0	0	0	0	0	0	0	0	0	0	0	0	
11/03/2022 20:26:41	0	0	6	15.03	15.03	1.3	2455	2111	4.158	4.1585	18.5	0	False	4.198333	4.193333	4.186666	4.2	2.4449	0	4.197	4.197	94.6	-0.046	4.158	0	0	0	0	0	0	0	0	0	0	0	0	0	0	0	18.5	0	0	0	0	0	0	0	0	0	0	0	0	0	0	0	0	0	0	0	0	0	0	0	0	0	0	0	0	0	0	0	0	0	0	
11/03/2022 20:26:51	0	0	6	15.03	15.03	1.3	2457	2121	4.159	4.1598	18.5	0	False	4.183333	4.178333	4.273334	4.2	2.4565	0	4.197	4.197	94.6	-0.034	4.159	0	0	0	0	0	0	0	0	0	0	0	0	0	0	0	18.5	0	0	0	0	0	0	0	0	0	0	0	0	0	0	0	0	0	0	0	0	0	0	0	0	0	0	0	0	0	0	0	0	0	0	
11/03/2022 20:27:01	0	0	6	15.03	15.03	1.3	2455	2131	4.16	4.161	18.5	0	False	4.198333	4.228333	4.173333	4.2	2.4682	0	4.197	4.197	94.7	-0.034	4.16	0	0	0	0	0	0	0	0	0	0	0	0	0	0	0	18.5	0	0	0	0	0	0	0	0	0	0	0	0	0	0	0	0	0	0	0	0	0	0	0	0	0	0	0	0	0	0	0	0	0	0	
11/03/2022 20:27:11	0	0	6	15.03	15.03	1.3	2455	2141	4.162	4.1623	18.5	0	False	4.201667	4.211667	4.108333	4.2	2.4799	0	4.197	4.197	94.8	-0.034	4.162	0	0	0	0	0	0	0	0	0	0	0	0	0	0	0	18.5	0	0	0	0	0	0	0	0	0	0	0	0	0	0	0	0	0	0	0	0	0	0	0	0	0	0	0	0	0	0	0	0	0	0	
11/03/2022 20:27:21	0	0	6	15.03	15.03	1.3	2455	2151	4.163	4.1635	18.5	0	False	4.211667	4.21	4.205	4.2	2.4916	0	4.197	4.199	95.1	-0.034	4.163	0	0	0	0	0	0	0	0	0	0	0	0	0	0	0	18.5	0	0	0	0	0	0	0	0	0	0	0	0	0	0	0	0	0	0	0	0	0	0	0	0	0	0	0	0	0	0	0	0	0	0	
11/03/2022 20:27:31	0	0	6	15.03	15.03	1.3	2459	2161	4.164	4.1648	18.5	0	False	4.201667	4.203333	4.178333	4.2	2.5033	0	4.197	4.205	95.3	-0.034	4.164	0	0	0	0	0	0	0	0	0	0	0	0	0	0	0	18.5	0	0	0	0	0	0	0	0	0	0	0	0	0	0	0	0	0	0	0	0	0	0	0	0	0	0	0	0	0	0	0	0	0	0	
11/03/2022 20:27:41	0	0	6	15.03	15.03	1.3	2459	2171	4.165	4.166	18.5	0	False	4.185	4.18	4.155	4.2	2.5149	0	4.197	4.209	95.4	-0.034	4.165	0	0	0	0	0	0	0	0	0	0	0	0	0	0	0	18.5	0	0	0	0	0	0	0	0	0	0	0	0	0	0	0	0	0	0	0	0	0	0	0	0	0	0	0	0	0	0	0	0	0	0	
11/03/2022 20:27:51	0	0	6	15.03	15.03	1.3	2459	2180	4.167	4.1677	18.5	0	False	4.19	4.188334	4.128334	4.2	2.5254	0	4.197	4.209	95.4	-0.034	4.167	0	0	0	0	0	0	0	0	0	0	0	0	0	0	0	18.5	0	0	0	0	0	0	0	0	0	0	0	0	0	0	0	0	0	0	0	0	0	0	0	0	0	0	0	0	0	0	0	0	0	0	
11/03/2022 20:28:01	0	0	6	15.03	15.03	1.3	2461	2190	4.168	4.1693	18.5	0	False	4.193333	4.208333	4.223333	4.2	2.537	0	4.197	4.209	95.6	-0.034	4.168	0	0	0	0	0	0	0	0	0	0	0	0	0	0	0	18.5	0	0	0	0	0	0	0	0	0	0	0	0	0	0	0	0	0	0	0	0	0	0	0	0	0	0	0	0	0	0	0	0	0	0	
11/03/2022 20:28:11	0	0	6	15.03	15.03	1.3	2461	2200	4.17	4.171	18.5	0	False	4.206666	4.213333	4.236667	4.2	2.5487	0	4.209	4.209	95.6	-0.034	4.17	0	0	0	0	0	0	0	0	0	0	0	0	0	0	0	18.5	0	0	0	0	0	0	0	0	0	0	0	0	0	0	0	0	0	0	0	0	0	0	0	0	0	0	0	0	0	0	0	0	0	0	
11/03/2022 20:28:21	0	0	6	15.03	15.03	1.3	2461	2210	4.172	4.1723	18.5	0	False	4.195	4.19	4.173333	4.2	2.5604	0	4.209	4.211	95.8	-0.034	4.172	0	0	0	0	0	0	0	0	0	0	0	0	0	0	0	18.5	0	0	0	0	0	0	0	0	0	0	0	0	0	0	0	0	0	0	0	0	0	0	0	0	0	0	0	0	0	0	0	0	0	0	
11/03/2022 20:28:31	0	0	6	15.03	15.03	1.3	2461	2220	4.173	4.1738	18.5	0	False	4.186666	4.19	4.155	4.2	2.5721	0	4.209	4.211	96.1	-0.034	4.173	0	0	0	0	0	0	0	0	0	0	0	0	0	0	0	18.5	0	0	0	0	0	0	0	0	0	0	0	0	0	0	0	0	0	0	0	0	0	0	0	0	0	0	0	0	0	0	0	0	0	0	
11/03/2022 20:28:41	0	0	6	15.03	15.03	1.3	2463	2230	4.175	4.176	18.6	0	False	4.185	4.196667	4.116667	4.2	2.5837	0	4.209	4.22	96.3	-0.034	4.175	0	0	0	0	0	0	0	0	0	0	0	0	0	0	0	18.6	0	0	0	0	0	0	0	0	0	0	0	0	0	0	0	0	0	0	0	0	0	0	0	0	0	0	0	0	0	0	0	0	0	0	
11/03/2022 20:28:51	0	0	6	15.03	15.03	1.3	2463	2240	4.177	4.1773	18.5	0	False	4.195	4.206666	4.116667	4.2	2.5954	0	4.209	4.22	96.4	-0.034	4.177	0	0	0	0	0	0	0	0	0	0	0	0	0	0	0	18.5	0	0	0	0	0	0	0	0	0	0	0	0	0	0	0	0	0	0	0	0	0	0	0	0	0	0	0	0	0	0	0	0	0	0	
11/03/2022 20:29:01	0	0	6	15.03	15.03	1.3	2465	2249	4.178	4.1791	18.4	0	False	4.205	4.203333	4.185	4.2	2.606	0	4.22	4.22	96.5	-0.046	4.178	0	0	0	0	0	0	0	0	0	0	0	0	0	0	0	18.4	0	0	0	0	0	0	0	0	0	0	0	0	0	0	0	0	0	0	0	0	0	0	0	0	0	0	0	0	0	0	0	0	0	0	
11/03/2022 20:29:11	0	0	6	15.03	15.03	1.3	2467	2260	4.18	4.181	18.6	0	False	4.188334	4.183333	4.161667	4.2	2.6188	0	4.22	4.221	96.8	-0.046	4.18	0	0	0	0	0	0	0	0	0	0	0	0	0	0	0	18.6	0	0	0	0	0	0	0	0	0	0	0	0	0	0	0	0	0	0	0	0	0	0	0	0	0	0	0	0	0	0	0	0	0	0	
11/03/2022 20:29:21	0	0	6	15.03	15.03	1.3	2467	2270	4.183	4.1835	18.5	0	False	4.185	4.206666	4.128334	4.2	2.6304	0	4.22	4.222	97.1	-0.034	4.183	0	0	0	0	0	0	0	0	0	0	0	0	0	0	0	18.5	0	0	0	0	0	0	0	0	0	0	0	0	0	0	0	0	0	0	0	0	0	0	0	0	0	0	0	0	0	0	0	0	0	0	
11/03/2022 20:29:31	0	0	6	15.03	15.03	1.3	2469	2280	4.184	4.1849	18.4	0	False	4.191667	4.208333	4.243333	4.2	2.6421	0	4.22	4.232	97.2	-0.034	4.184	0	0	0	0	0	0	0	0	0	0	0	0	0	0	0	18.4	0	0	0	0	0	0	0	0	0	0	0	0	0	0	0	0	0	0	0	0	0	0	0	0	0	0	0	0	0	0	0	0	0	0	
11/03/2022 20:29:41	0	0	6	15.03	15.03	1.3	2469	2290	4.187	4.1873	18.5	0	False	4.196667	4.19	4.2	4.2	2.6538	0	4.232	4.232	97.5	-0.034	4.187	0	0	0	0	0	0	0	0	0	0	0	0	0	0	0	18.5	0	0	0	0	0	0	0	0	0	0	0	0	0	0	0	0	0	0	0	0	0	0	0	0	0	0	0	0	0	0	0	0	0	0	
11/03/2022 20:29:51	0	0	6	15.03	15.03	1.3	2473	2300	4.189	4.1898	18.4	0	False	4.186666	4.173333	4.276667	4.2	2.6654	0	4.232	4.232	97.6	-0.046	4.189	0	0	0	0	0	0	0	0	0	0	0	0	0	0	0	18.4	0	0	0	0	0	0	0	0	0	0	0	0	0	0	0	0	0	0	0	0	0	0	0	0	0	0	0	0	0	0	0	0	0	0	
11/03/2022 20:30:01	0	0	6	15.03	15.03	1.3	2471	2310	4.191	4.1923	18.4	0	False	4.19	4.206666	4.2	4.2	2.677	0	4.232	4.232	97.7	-0.046	4.191	0	0	0	0	0	0	0	0	0	0	0	0	0	0	0	18.4	0	0	0	0	0	0	0	0	0	0	0	0	0	0	0	0	0	0	0	0	0	0	0	0	0	0	0	0	0	0	0	0	0	0	
11/03/2022 20:30:11	0	0	6	15.03	15.03	1.3	2473	2320	4.193	4.1938	18.4	0	False	4.191667	4.186666	4.216667	4.2	2.6887	0	4.232	4.232	98.1	-0.034	4.193	0	0	0	0	0	0	0	0	0	0	0	0	0	0	0	18.4	0	0	0	0	0	0	0	0	0	0	0	0	0	0	0	0	0	0	0	0	0	0	0	0	0	0	0	0	0	0	0	0	0	0	
11/03/2022 20:30:21	0	0	6	15.03	15.03	1.3	2475	2329	4.196	4.1971	18.5	0	False	4.183333	4.183333	4.151667	4.2	2.6992	0	4.232	4.242	98.3	-0.034	4.196	0	0	0	0	0	0	0	0	0	0	0	0	0	0	0	18.5	0	0	0	0	0	0	0	0	0	0	0	0	0	0	0	0	0	0	0	0	0	0	0	0	0	0	0	0	0	0	0	0	0	0	
11/03/2022 20:30:31	0	0	6	15.03	15.03	1.3	2479	2339	4.199	4.1998	18.4	0	False	4.188334	4.213333	4.235	4.2	2.7108	0	4.243	4.243	98.5	-0.034	4.199	0	0	0	0	0	0	0	0	0	0	0	0	0	0	0	18.4	0	0	0	0	0	0	0	0	0	0	0	0	0	0	0	0	0	0	0	0	0	0	0	0	0	0	0	0	0	0	0	0	0	0	
11/03/2022 20:30:41	0	0	6	15.03	15.03	1.3	2479	2349	4.202	4.2023	18.5	0	False	4.193333	4.175	4.151667	4.2	2.7225	0	4.243	4.243	99	-0.034	4.202	0	0	0	0	0	0	0	0	0	0	0	0	0	0	0	18.5	0	0	0	0	0	0	0	0	0	0	0	0	0	0	0	0	0	0	0	0	0	0	0	0	0	0	0	0	0	0	0	0	0	0	
11/03/2022 20:30:51	0	0	6	15.03	15.03	1.3	2479	2359	4.204	4.2048	18.6	0	False	4.186666	4.138333	4.121666	4.2	2.7341	0	4.243	4.243	99.3	-0.034	4.204	0	0	0	0	0	0	0	0	0	0	0	0	0	0	0	18.6	0	0	0	0	0	0	0	0	0	0	0	0	0	0	0	0	0	0	0	0	0	0	0	0	0	0	0	0	0	0	0	0	0	0	
11/03/2022 20:31:01	0	0	6	15.03	15.03	1.3	2479	2369	4.207	4.2074	18.6	0	False	4.156667	4.088333	4.063334	4.2	2.7455	0	4.243	4.244	99.5	-0.034	4.207	0	0	0	0	0	0	0	0	0	0	0	0	0	0	0	18.6	0	0	0	0	0	0	0	0	0	0	0	0	0	0	0	0	0	0	0	0	0	0	0	0	0	0	0	0	0	0	0	0	0	0	
11/03/2022 20:31:11	0	0	6	15.03	15.03	1.2	2465	2379	4.208	4.2092	18.6	0	True	4.086667	3.788333	3.755	4.2	2.7565	0	4.243	4.254	99.7	-0.034	4.208	0	0	0	0	0	0	0	0	0	0	0	0	0	0	0	18.6	0	0	0	0	0	0	0	0	0	0	0	0	0	0	0	0	0	0	0	0	0	0	0	0	0	0	0	0	0	0	0	0	0	0	
11/03/2022 20:31:21	0	0	6	15.03	15.03	1.1	2457	2389	4.208	4.2085	18.6	0	True	3.871667	3.516667	3.475	4.2	2.7665	0	4.254	4.254	99.8	-0.034	4.208	0	0	0	0	0	0	0	0	0	0	0	0	0	0	0	18.6	0	0	0	0	0	0	0	0	0	0	0	0	0	0	0	0	0	0	0	0	0	0	0	0	0	0	0	0	0	0	0	0	0	0	
11/03/2022 20:31:31	0	0	6	15.02	15.03	1	2449	2399	4.208	4.2087	18.6	0	True	3.635	3.268333	3.276667	4.2	2.7757	0	4.243	4.254	99.8	-0.034	4.208	0	0	0	0	0	0	0	0	0	0	0	0	0	0	0	18.6	0	0	0	0	0	0	0	0	0	0	0	0	0	0	0	0	0	0	0	0	0	0	0	0	0	0	0	0	0	0	0	0	0	0	
11/03/2022 20:31:41	0	0	6	15.02	15.03	0.9	2441	2409	4.208	4.2085	18.6	0	True	3.4	3.05	3.071667	4.2	2.7844	0	4.243	4.254	100	-0.034	4.208	0	0	0	0	0	0	0	0	0	0	0	0	0	0	0	18.6	0	0	0	0	0	0	0	0	0	0	0	0	0	0	0	0	0	0	0	0	0	0	0	0	0	0	0	0	0	0	0	0	0	0	
11/03/2022 20:31:51	0	0	6	15.02	15.03	0.9	2437	2419	4.208	4.2085	18.6	0	True	3.2	2.916667	2.916667	4.2	2.7926	0	4.243	4.254	100	-0.034	4.208	0	0	0	0	0	0	0	0	0	0	0	0	0	0	0	18.6	0	0	0	0	0	0	0	0	0	0	0	0	0	0	0	0	0	0	0	0	0	0	0	0	0	0	0	0	0	0	0	0	0	0	
11/03/2022 20:32:01	0	0	6	15.02	15.03	0.8	2431	2429	4.208	4.2085	18.6	0	True	3.026667	2.768333	2.685	4.2	2.8004	0	4.243	4.254	100	-0.034	4.208	0	0	0	0	0	0	0	0	0	0	0	0	0	0	0	18.6	0	0	0	0	0	0	0	0	0	0	0	0	0	0	0	0	0	0	0	0	0	0	0	0	0	0	0	0	0	0	0	0	0	0	
11/03/2022 20:32:11	0	0	6	15.02	15.03	0.8	2427	2439	4.208	4.2087	18.6	0	True	2.873333	2.676667	2.665	4.2	2.8079	0	4.243	4.254	100	-0.034	4.208	0	0	0	0	0	0	0	0	0	0	0	0	0	0	0	18.6	0	0	0	0	0	0	0	0	0	0	0	0	0	0	0	0	0	0	0	0	0	0	0	0	0	0	0	0	0	0	0	0	0	0	
11/03/2022 20:32:21	0	0	6	15.02	15.03	0.8	2423	2449	4.208	4.2085	18.6	0	True	2.703333	2.446667	2.443333	4.2	2.8148	0	4.243	4.254	100	-0.034	4.208	0	0	0	0	0	0	0	0	0	0	0	0	0	0	0	18.6	0	0	0	0	0	0	0	0	0	0	0	0	0	0	0	0	0	0	0	0	0	0	0	0	0	0	0	0	0	0	0	0	0	0	
11/03/2022 20:32:31	0	0	6	15.02	15.03	0.7	2419	2459	4.208	4.2085	18.6	0	True	2.575	2.35	2.321667	4.2	2.8215	0	4.243	4.254	100	-0.046	4.208	0	0	0	0	0	0	0	0	0	0	0	0	0	0	0	18.6	0	0	0	0	0	0	0	0	0	0	0	0	0	0	0	0	0	0	0	0	0	0	0	0	0	0	0	0	0	0	0	0	0	0	
11/03/2022 20:32:41	0	0	6	15.02	15.03	0.7	2411	2469	4.208	4.2087	18.6	0	True	2.436667	2.236667	2.135	4.2	2.8277	0	4.243	4.254	100	-0.034	4.208	0	0	0	0	0	0	0	0	0	0	0	0	0	0	0	18.6	0	0	0	0	0	0	0	0	0	0	0	0	0	0	0	0	0	0	0	0	0	0	0	0	0	0	0	0	0	0	0	0	0	0	
11/03/2022 20:32:51	0	0	6	15.01	15.03	0.6	2407	2478	4.208	4.2085	18.6	0	True	2.296667	2.068333	2.063333	4.2	2.8331	0	4.254	4.254	100	-0.034	4.208	0	0	0	0	0	0	0	0	0	0	0	0	0	0	0	18.6	0	0	0	0	0	0	0	0	0	0	0	0	0	0	0	0	0	0	0	0	0	0	0	0	0	0	0	0	0	0	0	0	0	0	
11/03/2022 20:33:01	0	0	6	15.01	15.03	0.6	2399	2488	4.208	4.2085	18.6	0	True	2.143333	1.906667	1.92	4.2	2.8384	0	4.243	4.254	100	-0.034	4.208	0	0	0	0	0	0	0	0	0	0	0	0	0	0	0	18.6	0	0	0	0	0	0	0	0	0	0	0	0	0	0	0	0	0	0	0	0	0	0	0	0	0	0	0	0	0	0	0	0	0	0	
11/03/2022 20:33:11	0	0	6	15.01	15.03	0.6	2399	2498	4.208	4.2085	18.6	0	True	2.035	1.895	1.896667	4.2	2.8437	0	4.243	4.254	100	-0.034	4.208	0	0	0	0	0	0	0	0	0	0	0	0	0	0	0	18.6	0	0	0	0	0	0	0	0	0	0	0	0	0	0	0	0	0	0	0	0	0	0	0	0	0	0	0	0	0	0	0	0	0	0	
11/03/2022 20:33:21	0	0	6	15.02	15.03	0.6	2395	2508	4.208	4.2087	18.6	0	True	1.975	1.855	1.841667	4.2	2.8489	0	4.243	4.254	100	-0.034	4.208	0	0	0	0	0	0	0	0	0	0	0	0	0	0	0	18.6	0	0	0	0	0	0	0	0	0	0	0	0	0	0	0	0	0	0	0	0	0	0	0	0	0	0	0	0	0	0	0	0	0	0	
11/03/2022 20:33:31	0	0	6	15.01	15.03	0.5	2381	2518	4.208	4.209	18.6	0	True	1.888333	1.681667	1.628333	4.2	2.8538	0	4.243	4.254	100	-0.034	4.208	0	0	0	0	0	0	0	0	0	0	0	0	0	0	0	18.6	0	0	0	0	0	0	0	0	0	0	0	0	0	0	0	0	0	0	0	0	0	0	0	0	0	0	0	0	0	0	0	0	0	0	
11/03/2022 20:33:41	0	0	6	15.01	15.03	0.5	2381	2528	4.208	4.2085	18.6	0	True	1.78	1.648333	1.623333	4.2	2.8584	0	4.243	4.254	100	-0.034	4.208	0	0	0	0	0	0	0	0	0	0	0	0	0	0	0	18.6	0	0	0	0	0	0	0	0	0	0	0	0	0	0	0	0	0	0	0	0	0	0	0	0	0	0	0	0	0	0	0	0	0	0	
11/03/2022 20:33:51	0	0	6	15.01	15.03	0.5	2371	2538	4.208	4.2085	18.6	0	True	1.678333	1.471667	1.475	4.2	2.8627	0	4.243	4.254	100	-0.034	4.208	0	0	0	0	0	0	0	0	0	0	0	0	0	0	0	18.6	0	0	0	0	0	0	0	0	0	0	0	0	0	0	0	0	0	0	0	0	0	0	0	0	0	0	0	0	0	0	0	0	0	0	
11/03/2022 20:34:01	0	0	6	15.01	15.03	0.5	2369	2548	4.208	4.2087	18.6	0	True	1.581667	1.461667	1.475	4.2	2.8668	0	4.243	4.254	100	-0.034	4.208	0	0	0	0	0	0	0	0	0	0	0	0	0	0	0	18.6	0	0	0	0	0	0	0	0	0	0	0	0	0	0	0	0	0	0	0	0	0	0	0	0	0	0	0	0	0	0	0	0	0	0	
11/03/2022 20:34:11	0	0	6	15.01	15.03	0.4	2367	2558	4.208	4.2085	18.6	0	True	1.511667	1.398333	1.408333	4.2	2.8707	0	4.243	4.254	100	-0.034	4.208	0	0	0	0	0	0	0	0	0	0	0	0	0	0	0	18.6	0	0	0	0	0	0	0	0	0	0	0	0	0	0	0	0	0	0	0	0	0	0	0	0	0	0	0	0	0	0	0	0	0	0	
11/03/2022 20:34:21	0	0	6	15.01	15.03	0.4	2363	2568	4.208	4.2087	18.6	0	True	1.453333	1.325	1.32	4.2	2.8746	0	4.243	4.254	100	-0.034	4.208	0	0	0	0	0	0	0	0	0	0	0	0	0	0	0	18.6	0	0	0	0	0	0	0	0	0	0	0	0	0	0	0	0	0	0	0	0	0	0	0	0	0	0	0	0	0	0	0	0	0	0	
11/03/2022 20:34:31	0	0	6	15.01	15.03	0.4	2359	2578	4.208	4.2085	18.6	0	True	1.381667	1.26	1.248333	4.2	2.8782	0	4.254	4.254	100	-0.034	4.208	0	0	0	0	0	0	0	0	0	0	0	0	0	0	0	18.6	0	0	0	0	0	0	0	0	0	0	0	0	0	0	0	0	0	0	0	0	0	0	0	0	0	0	0	0	0	0	0	0	0	0	
11/03/2022 20:34:41	0	0	6	15.01	15.03	0.4	2351	2588	4.208	4.2085	18.6	0	True	1.293333	1.123333	1.133333	4.2	2.8814	0	4.243	4.254	100	-0.034	4.208	0	0	0	0	0	0	0	0	0	0	0	0	0	0	0	18.6	0	0	0	0	0	0	0	0	0	0	0	0	0	0	0	0	0	0	0	0	0	0	0	0	0	0	0	0	0	0	0	0	0	0	
11/03/2022 20:34:51	0	0	6	15.01	15.03	0.3	2349	2598	4.208	4.2085	18.6	0	True	1.213333	1.116667	1.145	4.2	2.8846	0	4.254	4.254	100	-0.034	4.208	0	0	0	0	0	0	0	0	0	0	0	0	0	0	0	18.6	0	0	0	0	0	0	0	0	0	0	0	0	0	0	0	0	0	0	0	0	0	0	0	0	0	0	0	0	0	0	0	0	0	0	
11/03/2022 20:35:01	0	0	6	15.01	15.03	0.3	2345	2608	4.208	4.2085	18.6	0	True	1.16	1.05	1.035	4.2	2.8876	0	4.243	4.254	100	-0.034	4.208	0	0	0	0	0	0	0	0	0	0	0	0	0	0	0	18.6	0	0	0	0	0	0	0	0	0	0	0	0	0	0	0	0	0	0	0	0	0	0	0	0	0	0	0	0	0	0	0	0	0	0	
11/03/2022 20:35:11	0	0	6	15.01	15.03	0.3	2343	2618	4.208	4.2085	18.6	0	True	1.081667	0.965	0.985	4.2	2.8903	0	4.243	4.254	100	-0.034	4.208	0	0	0	0	0	0	0	0	0	0	0	0	0	0	0	18.6	0	0	0	0	0	0	0	0	0	0	0	0	0	0	0	0	0	0	0	0	0	0	0	0	0	0	0	0	0	0	0	0	0	0	
11/03/2022 20:35:21	0	0	6	15	15.03	0.3	2343	2627	4.208	4.2085	18.6	0	True	1.03	0.9633333	0.99	4.2	2.893	0	4.243	4.254	100	-0.034	4.208	0	0	0	0	0	0	0	0	0	0	0	0	0	0	0	18.6	0	0	0	0	0	0	0	0	0	0	0	0	0	0	0	0	0	0	0	0	0	0	0	0	0	0	0	0	0	0	0	0	0	0	
11/03/2022 20:35:31	0	0	6	15	15.03	0.3	2337	2637	4.208	4.2088	18.6	0	True	1.005	0.9483333	0.89	4.2	2.8954	0	4.243	4.254	100	-0.034	4.208	0	0	0	0	0	0	0	0	0	0	0	0	0	0	0	18.6	0	0	0	0	0	0	0	0	0	0	0	0	0	0	0	0	0	0	0	0	0	0	0	0	0	0	0	0	0	0	0	0	0	0	
11/03/2022 20:35:41	0	0	6	15	15.03	0.3	2335	2647	4.208	4.2084	18.6	0	True	0.925	0.7916667	0.7916667	4.2	2.8977	0	4.243	4.253	100	-0.034	4.208	0	0	0	0	0	0	0	0	0	0	0	0	0	0	0	18.6	0	0	0	0	0	0	0	0	0	0	0	0	0	0	0	0	0	0	0	0	0	0	0	0	0	0	0	0	0	0	0	0	0	0	
11/03/2022 20:35:51	0	0	6	15	15.03	0.3	2335	2657	4.207	4.2077	18.6	0	True	0.8666667	0.79	0.825	4.2	2.8999	0	4.243	4.254	100	-0.034	4.207	0	0	0	0	0	0	0	0	0	0	0	0	0	0	0	18.6	0	0	0	0	0	0	0	0	0	0	0	0	0	0	0	0	0	0	0	0	0	0	0	0	0	0	0	0	0	0	0	0	0	0	
11/03/2022 20:36:01	0	0	6	15	15.03	0.2	2335	2667	4.208	4.2085	18.6	0	True	0.8383333	0.7866667	0.8016667	4.2	2.9021	0	4.243	4.254	100	-0.034	4.208	0	0	0	0	0	0	0	0	0	0	0	0	0	0	0	18.6	0	0	0	0	0	0	0	0	0	0	0	0	0	0	0	0	0	0	0	0	0	0	0	0	0	0	0	0	0	0	0	0	0	0	
11/03/2022 20:36:11	0	0	6	15	15.03	0.2	2335	2677	4.208	4.2085	18.6	0	True	0.8216667	0.7866667	0.8083333	4.2	2.9043	0	4.243	4.254	100	-0.034	4.208	0	0	0	0	0	0	0	0	0	0	0	0	0	0	0	18.6	0	0	0	0	0	0	0	0	0	0	0	0	0	0	0	0	0	0	0	0	0	0	0	0	0	0	0	0	0	0	0	0	0	0	
11/03/2022 20:36:21	0	0	6	15	15.03	0.2	2335	2687	4.208	4.2085	18.6	0	True	0.805	0.7833334	0.785	4.2	2.9065	0	4.243	4.254	100	-0.034	4.208	0	0	0	0	0	0	0	0	0	0	0	0	0	0	0	18.6	0	0	0	0	0	0	0	0	0	0	0	0	0	0	0	0	0	0	0	0	0	0	0	0	0	0	0	0	0	0	0	0	0	0	
11/03/2022 20:36:31	0	0	6	15	15.03	0.2	2331	2697	4.208	4.2085	18.6	0	True	0.77	0.6933333	0.6916667	4.2	2.9085	0	4.243	4.254	100	-0.034	4.208	0	0	0	0	0	0	0	0	0	0	0	0	0	0	0	18.6	0	0	0	0	0	0	0	0	0	0	0	0	0	0	0	0	0	0	0	0	0	0	0	0	0	0	0	0	0	0	0	0	0	0	
11/03/2022 20:36:41	0	0	6	15	15.03	0.2	2329	2707	4.208	4.2085	18.6	0	True	0.74	0.6883333	0.6866667	4.2	2.9104	0	4.243	4.254	100	-0.023	4.208	0	0	0	0	0	0	0	0	0	0	0	0	0	0	0	18.6	0	0	0	0	0	0	0	0	0	0	0	0	0	0	0	0	0	0	0	0	0	0	0	0	0	0	0	0	0	0	0	0	0	0	
11/03/2022 20:36:51	0	0	6	15	15.03	0.2	2327	2717	4.208	4.2085	18.6	0	True	0.7016667	0.6066667	0.61	4.2	2.9122	0	4.254	4.254	100	-0.034	4.208	0	0	0	0	0	0	0	0	0	0	0	0	0	0	0	18.6	0	0	0	0	0	0	0	0	0	0	0	0	0	0	0	0	0	0	0	0	0	0	0	0	0	0	0	0	0	0	0	0	0	0	
11/03/2022 20:37:01	0	0	6	15	15.03	0.2	2325	2727	4.208	4.2087	18.6	0	True	0.6616667	0.6083333	0.5983334	4.2	2.9139	0	4.243	4.254	100	-0.046	4.208	0	0	0	0	0	0	0	0	0	0	0	0	0	0	0	18.6	0	0	0	0	0	0	0	0	0	0	0	0	0	0	0	0	0	0	0	0	0	0	0	0	0	0	0	0	0	0	0	0	0	0	
11/03/2022 20:37:11	0	0	6	15	15.03	0.2	2323	2737	4.208	4.2085	18.6	0	True	0.6283333	0.5166667	0.5166667	4.2	2.9155	0	4.243	4.254	100	-0.034	4.208	0	0	0	0	0	0	0	0	0	0	0	0	0	0	0	18.6	0	0	0	0	0	0	0	0	0	0	0	0	0	0	0	0	0	0	0	0	0	0	0	0	0	0	0	0	0	0	0	0	0	0	
11/03/2022 20:37:21	0	0	6	15	15.03	0.2	2323	2747	4.208	4.2085	18.6	0	True	0.5833333	0.52	0.5116667	4.2	2.917	0	4.243	4.254	100	-0.034	4.208	0	0	0	0	0	0	0	0	0	0	0	0	0	0	0	18.6	0	0	0	0	0	0	0	0	0	0	0	0	0	0	0	0	0	0	0	0	0	0	0	0	0	0	0	0	0	0	0	0	0	0	
11/03/2022 20:37:31	0	0	6	15	15.03	0.2	2323	2757	4.208	4.2085	18.6	0	True	0.56	0.5116667	0.5116667	4.2	2.9184	0	4.243	4.254	100	-0.034	4.208	0	0	0	0	0	0	0	0	0	0	0	0	0	0	0	18.6	0	0	0	0	0	0	0	0	0	0	0	0	0	0	0	0	0	0	0	0	0	0	0	0	0	0	0	0	0	0	0	0	0	0	
11/03/2022 20:37:41	0	0	6	15	15.03	0.2	2323	2767	4.208	4.2085	18.6	0	True	0.5433334	0.5166667	0.5166667	4.2	2.9199	0	4.243	4.254	100	-0.034	4.208	0	0	0	0	0	0	0	0	0	0	0	0	0	0	0	18.6	0	0	0	0	0	0	0	0	0	0	0	0	0	0	0	0	0	0	0	0	0	0	0	0	0	0	0	0	0	0	0	0	0	0	
11/03/2022 20:37:51	0	0	6	15	15.03	0.2	2321	2777	4.208	4.2085	18.6	0	True	0.5266666	0.5133333	0.5116667	4.2	2.9213	0	4.243	4.254	100	-0.034	4.208	0	0	0	0	0	0	0	0	0	0	0	0	0	0	0	18.6	0	0	0	0	0	0	0	0	0	0	0	0	0	0	0	0	0	0	0	0	0	0	0	0	0	0	0	0	0	0	0	0	0	0	
11/03/2022 20:38:01	0	0	6	15	15.03	0.2	2321	2786	4.208	4.2085	18.6	0	True	0.5133333	0.51	0.5	4.2	2.9226	0	4.243	4.254	100	-0.034	4.208	0	0	0	0	0	0	0	0	0	0	0	0	0	0	0	18.6	0	0	0	0	0	0	0	0	0	0	0	0	0	0	0	0	0	0	0	0	0	0	0	0	0	0	0	0	0	0	0	0	0	0	
11/03/2022 20:38:11	0	0	6	14.99	15.03	0.1	2315	2796	4.208	4.2085	18.6	0	True	0.48	0.34	0.34	4.2	2.9238	0	4.254	4.254	100	-0.034	4.208	0	0	0	0	0	0	0	0	0	0	0	0	0	0	0	18.6	0	0	0	0	0	0	0	0	0	0	0	0	0	0	0	0	0	0	0	0	0	0	0	0	0	0	0	0	0	0	0	0	0	0	
11/03/2022 20:38:21	0	0	6	15	15.03	0.1	2315	2806	4.208	4.2085	18.6	0	True	0.42	0.3416667	0.3333333	4.2	2.9247	0	4.243	4.254	100	-0.034	4.208	0	0	0	0	0	0	0	0	0	0	0	0	0	0	0	18.6	0	0	0	0	0	0	0	0	0	0	0	0	0	0	0	0	0	0	0	0	0	0	0	0	0	0	0	0	0	0	0	0	0	0	
11/03/2022 20:38:31	0	0	6	15	15.03	0.1	2315	2816	4.207	4.2073	18.6	0	True	0.3933333	0.35	0.3616667	4.2	2.9257	0	4.243	4.254	100	-0.034	4.207	0	0	0	0	0	0	0	0	0	0	0	0	0	0	0	18.6	0	0	0	0	0	0	0	0	0	0	0	0	0	0	0	0	0	0	0	0	0	0	0	0	0	0	0	0	0	0	0	0	0	0	
11/03/2022 20:38:41	0	0	6	14.99	15.03	0.1	2315	2826	4.207	4.2073	18.6	0	True	0.3766667	0.345	0.345	4.2	2.9266	0	4.243	4.254	100	-0.034	4.207	0	0	0	0	0	0	0	0	0	0	0	0	0	0	0	18.6	0	0	0	0	0	0	0	0	0	0	0	0	0	0	0	0	0	0	0	0	0	0	0	0	0	0	0	0	0	0	0	0	0	0	
11/03/2022 20:38:51	0	0	6	14.99	15.03	0.1	2315	2836	4.207	4.2076	18.6	0	True	0.36	0.35	0.3666667	4.2	2.9276	0	4.243	4.254	100	-0.046	4.207	0	0	0	0	0	0	0	0	0	0	0	0	0	0	0	18.6	0	0	0	0	0	0	0	0	0	0	0	0	0	0	0	0	0	0	0	0	0	0	0	0	0	0	0	0	0	0	0	0	0	0	
11/03/2022 20:39:01	0	0	6	14.99	15.03	0.1	2315	2846	4.207	4.2073	18.6	0	True	0.3466667	0.3466667	0.3783333	4.2	2.9286	0	4.243	4.254	100	-0.034	4.207	0	0	0	0	0	0	0	0	0	0	0	0	0	0	0	18.6	0	0	0	0	0	0	0	0	0	0	0	0	0	0	0	0	0	0	0	0	0	0	0	0	0	0	0	0	0	0	0	0	0	0	
11/03/2022 20:39:11	0	0	6	14.99	15.03	0.1	2315	2856	4.207	4.2073	18.6	0	True	0.3483333	0.345	0.3566667	4.2	2.9295	0	4.243	4.254	100	-0.034	4.207	0	0	0	0	0	0	0	0	0	0	0	0	0	0	0	18.6	0	0	0	0	0	0	0	0	0	0	0	0	0	0	0	0	0	0	0	0	0	0	0	0	0	0	0	0	0	0	0	0	0	0	
11/03/2022 20:39:21	0	0	6	14.99	15.03	0.1	2315	2866	4.207	4.2082	18.6	0	True	0.3416667	0.3416667	0.3566667	4.2	2.9305	0	4.243	4.254	100	-0.034	4.207	0	0	0	0	0	0	0	0	0	0	0	0	0	0	0	18.6	0	0	0	0	0	0	0	0	0	0	0	0	0	0	0	0	0	0	0	0	0	0	0	0	0	0	0	0	0	0	0	0	0	0	
11/03/2022 20:39:31	0	0	6	14.99	15.03	0.1	2315	2876	4.208	4.2085	18.6	0	True	0.34	0.3466667	0.3566667	4.2	2.9314	0	4.243	4.254	100	-0.034	4.208	0	0	0	0	0	0	0	0	0	0	0	0	0	0	0	18.6	0	0	0	0	0	0	0	0	0	0	0	0	0	0	0	0	0	0	0	0	0	0	0	0	0	0	0	0	0	0	0	0	0	0	
11/03/2022 20:39:41	0	0	6	15	15.03	0.1	2315	2886	4.208	4.2085	18.6	0	True	0.3366667	0.335	0.3616667	4.2	2.9324	0	4.243	4.254	100	-0.034	4.208	0	0	0	0	0	0	0	0	0	0	0	0	0	0	0	18.6	0	0	0	0	0	0	0	0	0	0	0	0	0	0	0	0	0	0	0	0	0	0	0	0	0	0	0	0	0	0	0	0	0	0	
11/03/2022 20:39:51	0	0	6	14.99	15.03	0.1	2315	2896	4.208	4.2085	18.6	0	True	0.335	0.3366667	0.3333333	4.2	2.9333	0	4.243	4.254	100	-0.034	4.208	0	0	0	0	0	0	0	0	0	0	0	0	0	0	0	18.6	0	0	0	0	0	0	0	0	0	0	0	0	0	0	0	0	0	0	0	0	0	0	0	0	0	0	0	0	0	0	0	0	0	0	
11/03/2022 20:40:01	0	0	6	14.99	15.03	0.1	2315	2906	4.208	4.2085	18.6	0	True	0.3283333	0.33	0.3183333	4.2	2.9342	0	4.243	4.254	100	-0.034	4.208	0	0	0	0	0	0	0	0	0	0	0	0	0	0	0	18.6	0	0	0	0	0	0	0	0	0	0	0	0	0	0	0	0	0	0	0	0	0	0	0	0	0	0	0	0	0	0	0	0	0	0	
11/03/2022 20:40:11	0	0	6	14.99	15.03	0.1	2315	2916	4.208	4.2085	18.6	0	True	0.3283333	0.3216667	0.3183333	4.2	2.9351	0	4.243	4.254	100	-0.046	4.208	0	0	0	0	0	0	0	0	0	0	0	0	0	0	0	18.6	0	0	0	0	0	0	0	0	0	0	0	0	0	0	0	0	0	0	0	0	0	0	0	0	0	0	0	0	0	0	0	0	0	0	
11/03/2022 20:40:21	0	0	6	14.99	15.03	0.1	2311	2926	4.208	4.2085	18.6	0	True	0.3116667	0.2433333	0.2566667	4.2	2.9359	0	4.243	4.254	100	-0.034	4.208	0	0	0	0	0	0	0	0	0	0	0	0	0	0	0	18.6	0	0	0	0	0	0	0	0	0	0	0	0	0	0	0	0	0	0	0	0	0	0	0	0	0	0	0	0	0	0	0	0	0	0	
11/03/2022 20:40:31	0	0	6	14.99	15.03	0.1	2311	2936	4.208	4.2085	18.6	0	True	0.2866667	0.25	0.2516667	4.2	2.9366	0	4.243	4.254	100	-0.034	4.208	0	0	0	0	0	0	0	0	0	0	0	0	0	0	0	18.6	0	0	0	0	0	0	0	0	0	0	0	0	0	0	0	0	0	0	0	0	0	0	0	0	0	0	0	0	0	0	0	0	0	0	
11/03/2022 20:40:41	0	0	6	14.99	15.03	0.1	2311	2945	4.208	4.2085	18.6	0	True	0.27	0.2416667	0.245	4.2	2.9372	0	4.243	4.254	100	-0.034	4.208	0	0	0	0	0	0	0	0	0	0	0	0	0	0	0	18.6	0	0	0	0	0	0	0	0	0	0	0	0	0	0	0	0	0	0	0	0	0	0	0	0	0	0	0	0	0	0	0	0	0	0	
11/03/2022 20:40:51	0	0	6	14.99	15.03	0.1	2311	2955	4.208	4.2085	18.6	0	True	0.255	0.235	0.23	4.2	2.9379	0	4.243	4.254	100	-0.034	4.208	0	0	0	0	0	0	0	0	0	0	0	0	0	0	0	18.6	0	0	0	0	0	0	0	0	0	0	0	0	0	0	0	0	0	0	0	0	0	0	0	0	0	0	0	0	0	0	0	0	0	0	
11/03/2022 20:41:01	0	0	6	14.99	15.03	0.1	2311	2965	4.208	4.2085	18.6	0	True	0.2433333	0.245	0.2366667	4.2	2.9386	0	4.243	4.254	100	-0.034	4.208	0	0	0	0	0	0	0	0	0	0	0	0	0	0	0	18.6	0	0	0	0	0	0	0	0	0	0	0	0	0	0	0	0	0	0	0	0	0	0	0	0	0	0	0	0	0	0	0	0	0	0	
11/03/2022 20:41:11	0	0	6	15	15.03	0.1	2311	2975	4.208	4.2085	18.6	0	True	0.2433333	0.2416667	0.23	4.2	2.9393	0	4.254	4.254	100	-0.034	4.208	0	0	0	0	0	0	0	0	0	0	0	0	0	0	0	18.6	0	0	0	0	0	0	0	0	0	0	0	0	0	0	0	0	0	0	0	0	0	0	0	0	0	0	0	0	0	0	0	0	0	0	
11/03/2022 20:41:21	0	0	6	15	15.03	0.1	2311	2985	4.208	4.2085	18.6	0	True	0.2416667	0.235	0.225	4.2	2.94	0	4.243	4.254	100	-0.046	4.208	0	0	0	0	0	0	0	0	0	0	0	0	0	0	0	18.6	0	0	0	0	0	0	0	0	0	0	0	0	0	0	0	0	0	0	0	0	0	0	0	0	0	0	0	0	0	0	0	0	0	0	
11/03/2022 20:41:31	0	0	6	14.99	15.03	0	2307	2995	4.208	4.2085	18.6	0	True	0.22	0.1533333	0.1683333	4.2	2.9405	0	4.243	4.254	100	-0.034	4.208	0	0	0	0	0	0	0	0	0	0	0	0	0	0	0	18.6	0	0	0	0	0	0	0	0	0	0	0	0	0	0	0	0	0	0	0	0	0	0	0	0	0	0	0	0	0	0	0	0	0	0	
11/03/2022 20:41:41	0	0	11	14.99	15.04	0	0	6	4.207	4.2085	18.6	0	True	0.1466667	0	0	4.2	2.9406	0	4.243	4.254	100	-0.034	4.207	0	0	0	0	0	0	0	0	0	0	0	0	0	0	0	18.6	0	0	0	0	0	0	0	0	0	0	0	0	0	0	0	0	0	0	0	0	0	0	0	0	0	0	0	0	0	0	0	0	0	0	
11/03/2022 20:41:51	0	0	11	14.99	15.04	0	0	16	4.205	4.2085	18.6	0	True	0.08333334	0	0.003333333	4.2	2.9406	0	4.243	4.254	100	-0.034	4.205	0	0	0	0	0	0	0	0	0	0	0	0	0	0	0	18.6	0	0	0	0	0	0	0	0	0	0	0	0	0	0	0	0	0	0	0	0	0	0	0	0	0	0	0	0	0	0	0	0	0	0	
11/03/2022 20:42:01	0	0	11	14.99	15.05	0	0	26	4.204	4.2085	18.6	0	True	0.05	0	0.003333333	4.2	2.9406	0	4.243	4.253	100	-0.034	4.204	0	0	0	0	0	0	0	0	0	0	0	0	0	0	0	18.6	0	0	0	0	0	0	0	0	0	0	0	0	0	0	0	0	0	0	0	0	0	0	0	0	0	0	0	0	0	0	0	0	0	0	
11/03/2022 20:42:11	0	0	11	14.99	15.05	0	0	36	4.204	4.2085	18.6	0	True	0.03333334	0	0.003333333	4.2	2.9406	0	4.243	4.252	100	-0.034	4.204	0	0	0	0	0	0	0	0	0	0	0	0	0	0	0	18.6	0	0	0	0	0	0	0	0	0	0	0	0	0	0	0	0	0	0	0	0	0	0	0	0	0	0	0	0	0	0	0	0	0	0	
11/03/2022 20:42:21	0	0	11	14.99	15.05	0	0	46	4.203	4.2085	18.6	0	True	0.01666667	0	0.006666667	4.2	2.9406	0	4.243	4.249	100	-0.034	4.203	0	0	0	0	0	0	0	0	0	0	0	0	0	0	0	18.6	0	0	0	0	0	0	0	0	0	0	0	0	0	0	0	0	0	0	0	0	0	0	0	0	0	0	0	0	0	0	0	0	0	0	
11/03/2022 20:42:31	0	0	11	14.99	15.05	0	0	56	4.203	4.2085	18.6	0	True	0	0	0.003333333	4.2	2.9406	0	4.243	4.247	100	-0.034	4.203	0	0	0	0	0	0	0	0	0	0	0	0	0	0	0	18.6	0	0	0	0	0	0	0	0	0	0	0	0	0	0	0	0	0	0	0	0	0	0	0	0	0	0	0	0	0	0	0	0	0	0	
11/03/2022 20:42:41	0	0	8	14.99	15	0	3382	5	4.173	4.1735	18.6	0	False	-3.468333	-3.76	-4.216667	4.25	2.9406	0.0039	4.209	4.209	-1	-0.034	4.173	0	0	0	0	0	0	0	0	0	0	0	0	0	0	0	18.6	0	0	0	0	0	0	0	0	0	0	0	0	0	0	0	0	0	0	0	0	0	0	0	0	0	0	0	0	0	0	0	0	0	0	
11/03/2022 20:42:51	0	0	8	14.99	15	0	3400	15	4.15	4.151	18.6	0	False	-4.091667	-4.248333	-4.228333	4.25	2.9406	0.0157	4.186	4.186	-1	-0.034	4.15	0	0	0	0	0	0	0	0	0	0	0	0	0	0	0	18.6	0	0	0	0	0	0	0	0	0	0	0	0	0	0	0	0	0	0	0	0	0	0	0	0	0	0	0	0	0	0	0	0	0	0	
11/03/2022 20:43:01	0	0	8	14.99	15	0	3404	25	4.137	4.136	18.6	0	False	-4.158333	-4.248333	-4.273334	4.25	2.9406	0.0276	4.174	4.174	-1	-0.034	4.137	0	0	0	0	0	0	0	0	0	0	0	0	0	0	0	18.6	0	0	0	0	0	0	0	0	0	0	0	0	0	0	0	0	0	0	0	0	0	0	0	0	0	0	0	0	0	0	0	0	0	0	
11/03/2022 20:43:11	0	0	8	14.99	15	0	3398	35	4.125	4.126	18.6	0	False	-4.196667	-4.253334	-4.266667	4.25	2.9406	0.0394	4.163	4.163	-1	-0.034	4.125	0	0	0	0	0	0	0	0	0	0	0	0	0	0	0	18.6	0	0	0	0	0	0	0	0	0	0	0	0	0	0	0	0	0	0	0	0	0	0	0	0	0	0	0	0	0	0	0	0	0	0	
11/03/2022 20:43:21	0	0	8	14.99	15	0	3392	45	4.117	4.1173	18.6	0	False	-4.215	-4.246666	-4.223333	4.25	2.9406	0.0511	4.151	4.151	-1	-0.034	4.117	0	0	0	0	0	0	0	0	0	0	0	0	0	0	0	18.6	0	0	0	0	0	0	0	0	0	0	0	0	0	0	0	0	0	0	0	0	0	0	0	0	0	0	0	0	0	0	0	0	0	0	
11/03/2022 20:43:31	0	0	8	14.99	15	0	3398	55	4.108	4.1085	18.6	0	False	-4.231667	-4.245	-4.223333	4.25	2.9406	0.063	4.14	4.14	-1	-0.034	4.108	0	0	0	0	0	0	0	0	0	0	0	0	0	0	0	18.6	0	0	0	0	0	0	0	0	0	0	0	0	0	0	0	0	0	0	0	0	0	0	0	0	0	0	0	0	0	0	0	0	0	0	
11/03/2022 20:43:41	0	0	8	14.98	15	0	3402	65	4.103	4.1037	18.6	0	False	-4.248333	-4.248333	-4.241667	4.25	2.9406	0.0748	4.14	4.144	-1	-0.034	4.103	0	0	0	0	0	0	0	0	0	0	0	0	0	0	0	18.6	0	0	0	0	0	0	0	0	0	0	0	0	0	0	0	0	0	0	0	0	0	0	0	0	0	0	0	0	0	0	0	0	0	0	
11/03/2022 20:43:51	0	0	8	14.98	15	0	3404	75	4.097	4.0975	18.6	0	False	-4.245	-4.246666	-4.253334	4.25	2.9406	0.0866	4.128	4.14	-1	-0.034	4.097	0	0	0	0	0	0	0	0	0	0	0	0	0	0	0	18.6	0	0	0	0	0	0	0	0	0	0	0	0	0	0	0	0	0	0	0	0	0	0	0	0	0	0	0	0	0	0	0	0	0	0	
11/03/2022 20:44:01	0	0	8	14.99	15	0	3402	85	4.092	4.0922	18.6	0	False	-4.246666	-4.25	-4.241667	4.25	2.9406	0.0984	4.128	4.138	-1	-0.034	4.092	0	0	0	0	0	0	0	0	0	0	0	0	0	0	0	18.6	0	0	0	0	0	0	0	0	0	0	0	0	0	0	0	0	0	0	0	0	0	0	0	0	0	0	0	0	0	0	0	0	0	0	
11/03/2022 20:44:11	0	0	8	14.99	15	0	3404	95	4.087	4.0872	18.6	0	False	-4.251667	-4.251667	-4.258333	4.25	2.9406	0.1102	4.128	4.128	-1	-0.034	4.087	0	0	0	0	0	0	0	0	0	0	0	0	0	0	0	18.6	0	0	0	0	0	0	0	0	0	0	0	0	0	0	0	0	0	0	0	0	0	0	0	0	0	0	0	0	0	0	0	0	0	0	
11/03/2022 20:44:21	0	0	8	14.99	15	0	3402	105	4.082	4.0825	18.6	0	False	-4.245	-4.245	-4.241667	4.25	2.9406	0.122	4.117	4.128	-1	-0.034	4.082	0	0	0	0	0	0	0	0	0	0	0	0	0	0	0	18.6	0	0	0	0	0	0	0	0	0	0	0	0	0	0	0	0	0	0	0	0	0	0	0	0	0	0	0	0	0	0	0	0	0	0	
11/03/2022 20:44:31	0	0	8	14.99	15	0	3406	115	4.077	4.0772	18.6	0	False	-4.248333	-4.245	-4.241667	4.25	2.9406	0.1338	4.117	4.117	-1	-0.034	4.077	0	0	0	0	0	0	0	0	0	0	0	0	0	0	0	18.6	0	0	0	0	0	0	0	0	0	0	0	0	0	0	0	0	0	0	0	0	0	0	0	0	0	0	0	0	0	0	0	0	0	0	
11/03/2022 20:44:41	0	0	8	14.98	15	0	3396	125	4.073	4.0735	18.6	0	False	-4.25	-4.253334	-4.215	4.25	2.9406	0.1456	4.105	4.117	-1	-0.034	4.073	0	0	0	0	0	0	0	0	0	0	0	0	0	0	0	18.6	0	0	0	0	0	0	0	0	0	0	0	0	0	0	0	0	0	0	0	0	0	0	0	0	0	0	0	0	0	0	0	0	0	0	
11/03/2022 20:44:51	0	0	8	14.98	15	0	3398	135	4.069	4.0697	18.6	0	False	-4.248333	-4.25	-4.253334	4.25	2.9406	0.1574	4.105	4.116	-1	-0.034	4.069	0	0	0	0	0	0	0	0	0	0	0	0	0	0	0	18.6	0	0	0	0	0	0	0	0	0	0	0	0	0	0	0	0	0	0	0	0	0	0	0	0	0	0	0	0	0	0	0	0	0	0	
11/03/2022 20:45:01	0	0	8	14.98	15	0	3404	144	4.066	4.0672	18.6	0	False	-4.248333	-4.245	-4.231667	4.25	2.9406	0.168	4.105	4.108	-1	-0.046	4.066	0	0	0	0	0	0	0	0	0	0	0	0	0	0	0	18.6	0	0	0	0	0	0	0	0	0	0	0	0	0	0	0	0	0	0	0	0	0	0	0	0	0	0	0	0	0	0	0	0	0	0	
11/03/2022 20:45:11	0	0	8	14.98	15	0	3406	154	4.063	4.0635	18.6	0	False	-4.246666	-4.245	-4.276667	4.25	2.9406	0.1798	4.105	4.105	-1	-0.034	4.063	0	0	0	0	0	0	0	0	0	0	0	0	0	0	0	18.6	0	0	0	0	0	0	0	0	0	0	0	0	0	0	0	0	0	0	0	0	0	0	0	0	0	0	0	0	0	0	0	0	0	0	
11/03/2022 20:45:21	0	0	8	14.99	15	0	3396	164	4.06	4.061	18.6	0	False	-4.246666	-4.248333	-4.253334	4.25	2.9406	0.1916	4.105	4.105	-1	-0.034	4.06	0	0	0	0	0	0	0	0	0	0	0	0	0	0	0	18.6	0	0	0	0	0	0	0	0	0	0	0	0	0	0	0	0	0	0	0	0	0	0	0	0	0	0	0	0	0	0	0	0	0	0	
11/03/2022 20:45:31	0	0	8	14.98	15	0	3402	174	4.058	4.0585	18.6	0	False	-4.251667	-4.246666	-4.241667	4.25	2.9406	0.2034	4.094	4.105	-1	-0.034	4.058	0	0	0	0	0	0	0	0	0	0	0	0	0	0	0	18.6	0	0	0	0	0	0	0	0	0	0	0	0	0	0	0	0	0	0	0	0	0	0	0	0	0	0	0	0	0	0	0	0	0	0	
11/03/2022 20:45:41	0	0	8	14.98	15	0	3404	184	4.055	4.056	18.6	0	False	-4.248333	-4.241667	-4.241667	4.25	2.9406	0.2152	4.094	4.094	-1	-0.046	4.055	0	0	0	0	0	0	0	0	0	0	0	0	0	0	0	18.6	0	0	0	0	0	0	0	0	0	0	0	0	0	0	0	0	0	0	0	0	0	0	0	0	0	0	0	0	0	0	0	0	0	0	
11/03/2022 20:45:51	0	0	8	14.98	15	0	3388	194	4.054	4.0543	18.6	0	False	-4.246666	-4.258333	-4.258333	4.25	2.9406	0.227	4.094	4.094	-1	-0.034	4.054	0	0	0	0	0	0	0	0	0	0	0	0	0	0	0	18.6	0	0	0	0	0	0	0	0	0	0	0	0	0	0	0	0	0	0	0	0	0	0	0	0	0	0	0	0	0	0	0	0	0	0	
11/03/2022 20:46:01	0	0	8	14.99	15	0	3402	204	4.052	4.0522	18.6	0	False	-4.248333	-4.253334	-4.258333	4.25	2.9406	0.2388	4.082	4.094	-1	-0.034	4.052	0	0	0	0	0	0	0	0	0	0	0	0	0	0	0	18.6	0	0	0	0	0	0	0	0	0	0	0	0	0	0	0	0	0	0	0	0	0	0	0	0	0	0	0	0	0	0	0	0	0	0	
11/03/2022 20:46:11	0	0	8	14.98	15	0	3396	214	4.049	4.0497	18.6	0	False	-4.248333	-4.253334	-4.253334	4.25	2.9406	0.2506	4.082	4.094	-1	-0.034	4.049	0	0	0	0	0	0	0	0	0	0	0	0	0	0	0	18.6	0	0	0	0	0	0	0	0	0	0	0	0	0	0	0	0	0	0	0	0	0	0	0	0	0	0	0	0	0	0	0	0	0	0	
11/03/2022 20:46:21	0	0	8	14.99	15	0	3398	224	4.048	4.0485	18.6	0	False	-4.25	-4.251667	-4.253334	4.25	2.9406	0.2624	4.082	4.094	-1	-0.034	4.048	0	0	0	0	0	0	0	0	0	0	0	0	0	0	0	18.6	0	0	0	0	0	0	0	0	0	0	0	0	0	0	0	0	0	0	0	0	0	0	0	0	0	0	0	0	0	0	0	0	0	0	
11/03/2022 20:46:31	0	0	8	14.98	15	0	3400	234	4.046	4.0468	18.6	0	False	-4.246666	-4.251667	-4.236667	4.25	2.9406	0.2742	4.082	4.091	-1	-0.034	4.046	0	0	0	0	0	0	0	0	0	0	0	0	0	0	0	18.6	0	0	0	0	0	0	0	0	0	0	0	0	0	0	0	0	0	0	0	0	0	0	0	0	0	0	0	0	0	0	0	0	0	0	
11/03/2022 20:46:41	0	0	8	14.98	15	0	3402	244	4.044	4.0447	18.6	0	False	-4.245	-4.248333	-4.231667	4.25	2.9406	0.286	4.082	4.083	-1	-0.046	4.044	0	0	0	0	0	0	0	0	0	0	0	0	0	0	0	18.6	0	0	0	0	0	0	0	0	0	0	0	0	0	0	0	0	0	0	0	0	0	0	0	0	0	0	0	0	0	0	0	0	0	0	
11/03/2022 20:46:51	0	0	8	14.98	15	0	3396	254	4.043	4.0435	18.6	0	False	-4.245	-4.251667	-4.231667	4.25	2.9406	0.2978	4.082	4.082	-1	-0.046	4.043	0	0	0	0	0	0	0	0	0	0	0	0	0	0	0	18.6	0	0	0	0	0	0	0	0	0	0	0	0	0	0	0	0	0	0	0	0	0	0	0	0	0	0	0	0	0	0	0	0	0	0	
11/03/2022 20:47:01	0	0	8	14.99	15	0	3404	264	4.041	4.0422	18.6	0	False	-4.246666	-4.246666	-4.258333	4.25	2.9406	0.3096	4.071	4.082	-1	-0.046	4.041	0	0	0	0	0	0	0	0	0	0	0	0	0	0	0	18.6	0	0	0	0	0	0	0	0	0	0	0	0	0	0	0	0	0	0	0	0	0	0	0	0	0	0	0	0	0	0	0	0	0	0	
11/03/2022 20:47:11	0	0	8	14.98	15	0	3402	274	4.04	4.0408	18.6	0	False	-4.25	-4.248333	-4.246666	4.25	2.9406	0.3214	4.071	4.082	-1	-0.034	4.04	0	0	0	0	0	0	0	0	0	0	0	0	0	0	0	18.6	0	0	0	0	0	0	0	0	0	0	0	0	0	0	0	0	0	0	0	0	0	0	0	0	0	0	0	0	0	0	0	0	0	0	
11/03/2022 20:47:21	0	0	8	14.98	15	0	3400	284	4.038	4.039	18.6	0	False	-4.25	-4.251667	-4.258333	4.25	2.9406	0.3332	4.071	4.082	-1	-0.034	4.038	0	0	0	0	0	0	0	0	0	0	0	0	0	0	0	18.6	0	0	0	0	0	0	0	0	0	0	0	0	0	0	0	0	0	0	0	0	0	0	0	0	0	0	0	0	0	0	0	0	0	0	
11/03/2022 20:47:31	0	0	8	14.98	15	0	3398	294	4.037	4.0372	18.6	0	False	-4.25	-4.251667	-4.253334	4.25	2.9406	0.345	4.071	4.082	-1	-0.046	4.037	0	0	0	0	0	0	0	0	0	0	0	0	0	0	0	18.6	0	0	0	0	0	0	0	0	0	0	0	0	0	0	0	0	0	0	0	0	0	0	0	0	0	0	0	0	0	0	0	0	0	0	
11/03/2022 20:47:41	0	0	8	14.99	15	0	3404	304	4.035	4.036	18.6	0	False	-4.246666	-4.246666	-4.253334	4.25	2.9406	0.3568	4.071	4.08	-1	-0.034	4.035	0	0	0	0	0	0	0	0	0	0	0	0	0	0	0	18.6	0	0	0	0	0	0	0	0	0	0	0	0	0	0	0	0	0	0	0	0	0	0	0	0	0	0	0	0	0	0	0	0	0	0	
11/03/2022 20:47:51	0	0	8	14.99	15	0	3398	313	4.034	4.0347	18.6	0	False	-4.245	-4.251667	-4.231667	4.25	2.9406	0.3686	4.071	4.078	-1	-0.034	4.034	0	0	0	0	0	0	0	0	0	0	0	0	0	0	0	18.6	0	0	0	0	0	0	0	0	0	0	0	0	0	0	0	0	0	0	0	0	0	0	0	0	0	0	0	0	0	0	0	0	0	0	
11/03/2022 20:48:01	0	0	8	14.98	15	0	3396	323	4.033	4.0335	18.6	0	False	-4.246666	-4.25	-4.253334	4.25	2.9406	0.3792	4.071	4.071	-1	-0.034	4.033	0	0	0	0	0	0	0	0	0	0	0	0	0	0	0	18.6	0	0	0	0	0	0	0	0	0	0	0	0	0	0	0	0	0	0	0	0	0	0	0	0	0	0	0	0	0	0	0	0	0	0	
11/03/2022 20:48:11	0	0	8	14.98	15	0	3398	333	4.032	4.0322	18.6	0	False	-4.251667	-4.253334	-4.258333	4.25	2.9406	0.3909	4.071	4.071	-1	-0.034	4.032	0	0	0	0	0	0	0	0	0	0	0	0	0	0	0	18.6	0	0	0	0	0	0	0	0	0	0	0	0	0	0	0	0	0	0	0	0	0	0	0	0	0	0	0	0	0	0	0	0	0	0	
11/03/2022 20:48:21	0	0	8	14.99	15	0	3404	343	4.031	4.0315	18.6	0	False	-4.246666	-4.245	-4.236667	4.25	2.9406	0.4028	4.071	4.071	-1	-0.046	4.031	0	0	0	0	0	0	0	0	0	0	0	0	0	0	0	18.6	0	0	0	0	0	0	0	0	0	0	0	0	0	0	0	0	0	0	0	0	0	0	0	0	0	0	0	0	0	0	0	0	0	0	
11/03/2022 20:48:31	0	0	8	14.98	15	0	3406	353	4.03	4.0305	18.6	0	False	-4.246666	-4.248333	-4.258333	4.25	2.9406	0.4145	4.06	4.071	-1	-0.034	4.03	0	0	0	0	0	0	0	0	0	0	0	0	0	0	0	18.6	0	0	0	0	0	0	0	0	0	0	0	0	0	0	0	0	0	0	0	0	0	0	0	0	0	0	0	0	0	0	0	0	0	0	
11/03/2022 20:48:41	0	0	8	14.98	15	0	3400	363	4.028	4.0288	18.6	0	False	-4.246666	-4.251667	-4.241667	4.25	2.9406	0.4263	4.071	4.071	-1	-0.034	4.028	0	0	0	0	0	0	0	0	0	0	0	0	0	0	0	18.6	0	0	0	0	0	0	0	0	0	0	0	0	0	0	0	0	0	0	0	0	0	0	0	0	0	0	0	0	0	0	0	0	0	0	
11/03/2022 20:48:51	0	0	8	14.98	15	0	3404	373	4.027	4.0272	18.6	0	False	-4.245	-4.25	-4.258333	4.25	2.9406	0.4382	4.06	4.071	-1	-0.034	4.027	0	0	0	0	0	0	0	0	0	0	0	0	0	0	0	18.6	0	0	0	0	0	0	0	0	0	0	0	0	0	0	0	0	0	0	0	0	0	0	0	0	0	0	0	0	0	0	0	0	0	0	
11/03/2022 20:49:01	0	0	8	14.99	15	0	3398	383	4.026	4.0264	18.6	0	False	-4.246666	-4.253334	-4.258333	4.25	2.9406	0.4499	4.06	4.071	-1	-0.034	4.026	0	0	0	0	0	0	0	0	0	0	0	0	0	0	0	18.6	0	0	0	0	0	0	0	0	0	0	0	0	0	0	0	0	0	0	0	0	0	0	0	0	0	0	0	0	0	0	0	0	0	0	
11/03/2022 20:49:11	0	0	8	14.99	15	0	3408	393	4.025	4.0255	18.6	0	False	-4.248333	-4.241667	-4.241667	4.25	2.9406	0.4617	4.06	4.07	-1	-0.034	4.025	0	0	0	0	0	0	0	0	0	0	0	0	0	0	0	18.6	0	0	0	0	0	0	0	0	0	0	0	0	0	0	0	0	0	0	0	0	0	0	0	0	0	0	0	0	0	0	0	0	0	0	
11/03/2022 20:49:21	0	0	8	14.98	15	0	3402	403	4.024	4.0243	18.6	0	False	-4.246666	-4.246666	-4.241667	4.25	2.9406	0.4735	4.06	4.065	-1	-0.034	4.024	0	0	0	0	0	0	0	0	0	0	0	0	0	0	0	18.6	0	0	0	0	0	0	0	0	0	0	0	0	0	0	0	0	0	0	0	0	0	0	0	0	0	0	0	0	0	0	0	0	0	0	
11/03/2022 20:49:31	0	0	8	14.98	15	0	3408	413	4.022	4.0231	18.6	0	False	-4.245	-4.241667	-4.236667	4.25	2.9406	0.4853	4.06	4.06	-1	-0.034	4.022	0	0	0	0	0	0	0	0	0	0	0	0	0	0	0	18.6	0	0	0	0	0	0	0	0	0	0	0	0	0	0	0	0	0	0	0	0	0	0	0	0	0	0	0	0	0	0	0	0	0	0	
11/03/2022 20:49:41	0	0	8	14.98	15	0	3406	423	4.021	4.022	18.6	0	False	-4.251667	-4.248333	-4.236667	4.25	2.9406	0.4972	4.06	4.06	-1	-0.034	4.021	0	0	0	0	0	0	0	0	0	0	0	0	0	0	0	18.6	0	0	0	0	0	0	0	0	0	0	0	0	0	0	0	0	0	0	0	0	0	0	0	0	0	0	0	0	0	0	0	0	0	0	
11/03/2022 20:49:51	0	0	8	14.98	15	0	3400	433	4.02	4.0207	18.6	0	False	-4.251667	-4.25	-4.236667	4.25	2.9406	0.509	4.06	4.06	-1	-0.034	4.02	0	0	0	0	0	0	0	0	0	0	0	0	0	0	0	18.6	0	0	0	0	0	0	0	0	0	0	0	0	0	0	0	0	0	0	0	0	0	0	0	0	0	0	0	0	0	0	0	0	0	0	
11/03/2022 20:50:01	0	0	8	14.98	15	0	3408	443	4.019	4.0195	18.6	0	False	-4.245	-4.241667	-4.241667	4.25	2.9406	0.5208	4.06	4.06	-1	-0.046	4.019	0	0	0	0	0	0	0	0	0	0	0	0	0	0	0	18.6	0	0	0	0	0	0	0	0	0	0	0	0	0	0	0	0	0	0	0	0	0	0	0	0	0	0	0	0	0	0	0	0	0	0	
11/03/2022 20:50:11	0	0	8	14.98	15	0	3408	453	4.018	4.0183	18.6	0	False	-4.246666	-4.251667	-4.22	4.25	2.9406	0.5326	4.06	4.06	-1	-0.034	4.018	0	0	0	0	0	0	0	0	0	0	0	0	0	0	0	18.6	0	0	0	0	0	0	0	0	0	0	0	0	0	0	0	0	0	0	0	0	0	0	0	0	0	0	0	0	0	0	0	0	0	0	
11/03/2022 20:50:21	0	0	8	14.98	15	0	3404	463	4.016	4.0164	18.6	0	False	-4.245	-4.246666	-4.276667	4.25	2.9406	0.5444	4.048	4.06	-1	-0.034	4.016	0	0	0	0	0	0	0	0	0	0	0	0	0	0	0	18.6	0	0	0	0	0	0	0	0	0	0	0	0	0	0	0	0	0	0	0	0	0	0	0	0	0	0	0	0	0	0	0	0	0	0	
11/03/2022 20:50:31	0	0	8	14.98	15	0	3402	473	4.014	4.0148	18.6	0	False	-4.246666	-4.25	-4.253334	4.25	2.9406	0.5562	4.048	4.06	-1	-0.034	4.014	0	0	0	0	0	0	0	0	0	0	0	0	0	0	0	18.6	0	0	0	0	0	0	0	0	0	0	0	0	0	0	0	0	0	0	0	0	0	0	0	0	0	0	0	0	0	0	0	0	0	0	
11/03/2022 20:50:41	0	0	8	14.98	15	0	3400	483	4.013	4.0135	18.6	0	False	-4.251667	-4.251667	-4.241667	4.25	2.9406	0.568	4.048	4.059	-1	-0.034	4.013	0	0	0	0	0	0	0	0	0	0	0	0	0	0	0	18.6	0	0	0	0	0	0	0	0	0	0	0	0	0	0	0	0	0	0	0	0	0	0	0	0	0	0	0	0	0	0	0	0	0	0	
11/03/2022 20:50:51	0	0	8	14.99	15	0	3398	493	4.012	4.0122	18.6	0	False	-4.248333	-4.25	-4.253334	4.25	2.9406	0.5798	4.048	4.056	-1	-0.034	4.012	0	0	0	0	0	0	0	0	0	0	0	0	0	0	0	18.6	0	0	0	0	0	0	0	0	0	0	0	0	0	0	0	0	0	0	0	0	0	0	0	0	0	0	0	0	0	0	0	0	0	0	
11/03/2022 20:51:01	0	0	8	14.98	15	0	3400	502	4.01	4.011	18.6	0	False	-4.248333	-4.253334	-4.258333	4.25	2.9406	0.5904	4.037	4.048	-1	-0.046	4.01	0	0	0	0	0	0	0	0	0	0	0	0	0	0	0	18.6	0	0	0	0	0	0	0	0	0	0	0	0	0	0	0	0	0	0	0	0	0	0	0	0	0	0	0	0	0	0	0	0	0	0	
11/03/2022 20:51:11	0	0	8	14.99	15	0	3394	512	4.009	4.0095	18.6	0	False	-4.246666	-4.253334	-4.258333	4.25	2.9406	0.6022	4.037	4.048	-1	-0.046	4.009	0	0	0	0	0	0	0	0	0	0	0	0	0	0	0	18.6	0	0	0	0	0	0	0	0	0	0	0	0	0	0	0	0	0	0	0	0	0	0	0	0	0	0	0	0	0	0	0	0	0	0	
11/03/2022 20:51:21	0	0	8	14.99	15	0	3396	522	4.007	4.0072	18.6	0	False	-4.248333	-4.248333	-4.22	4.25	2.9406	0.614	4.048	4.048	-1	-0.046	4.007	0	0	0	0	0	0	0	0	0	0	0	0	0	0	0	18.6	0	0	0	0	0	0	0	0	0	0	0	0	0	0	0	0	0	0	0	0	0	0	0	0	0	0	0	0	0	0	0	0	0	0	
11/03/2022 20:51:31	0	0	8	14.98	15	0	3398	532	4.005	4.006	18.6	0	False	-4.248333	-4.251667	-4.236667	4.25	2.9406	0.6258	4.048	4.048	-1	-0.046	4.005	0	0	0	0	0	0	0	0	0	0	0	0	0	0	0	18.6	0	0	0	0	0	0	0	0	0	0	0	0	0	0	0	0	0	0	0	0	0	0	0	0	0	0	0	0	0	0	0	0	0	0	
11/03/2022 20:51:41	0	0	8	14.98	15	0	3396	542	4.003	4.0041	18.6	0	False	-4.248333	-4.251667	-4.258333	4.25	2.9406	0.6375	4.037	4.047	-1	-0.034	4.003	0	0	0	0	0	0	0	0	0	0	0	0	0	0	0	18.6	0	0	0	0	0	0	0	0	0	0	0	0	0	0	0	0	0	0	0	0	0	0	0	0	0	0	0	0	0	0	0	0	0	0	
11/03/2022 20:51:51	0	0	8	14.98	15	0	3396	552	4.001	4.0021	18.6	0	False	-4.248333	-4.253334	-4.258333	4.25	2.9406	0.6494	4.037	4.047	-1	-0.034	4.001	0	0	0	0	0	0	0	0	0	0	0	0	0	0	0	18.6	0	0	0	0	0	0	0	0	0	0	0	0	0	0	0	0	0	0	0	0	0	0	0	0	0	0	0	0	0	0	0	0	0	0	
11/03/2022 20:52:01	0	0	8	14.98	15	0	3398	562	3.999	3.9997	18.6	0	False	-4.248333	-4.251667	-4.258333	4.25	2.9406	0.6612	4.025	4.037	-1	-0.034	3.999	0	0	0	0	0	0	0	0	0	0	0	0	0	0	0	18.6	0	0	0	0	0	0	0	0	0	0	0	0	0	0	0	0	0	0	0	0	0	0	0	0	0	0	0	0	0	0	0	0	0	0	
11/03/2022 20:52:11	0	0	8	14.99	15	0	3404	572	3.997	3.9981	18.6	0	False	-4.248333	-4.248333	-4.258333	4.25	2.9406	0.6729	4.025	4.037	-1	-0.034	3.997	0	0	0	0	0	0	0	0	0	0	0	0	0	0	0	18.6	0	0	0	0	0	0	0	0	0	0	0	0	0	0	0	0	0	0	0	0	0	0	0	0	0	0	0	0	0	0	0	0	0	0	
11/03/2022 20:52:21	0	0	8	14.98	15	0	3406	582	3.995	3.9958	18.6	0	False	-4.246666	-4.241667	-4.241667	4.25	2.9406	0.6847	4.037	4.037	-1	-0.034	3.995	0	0	0	0	0	0	0	0	0	0	0	0	0	0	0	18.6	0	0	0	0	0	0	0	0	0	0	0	0	0	0	0	0	0	0	0	0	0	0	0	0	0	0	0	0	0	0	0	0	0	0	
11/03/2022 20:52:31	0	0	8	14.98	15	0	3400	592	3.992	3.9932	18.6	0	False	-4.246666	-4.248333	-4.22	4.25	2.9406	0.6965	4.025	4.037	-1	-0.034	3.992	0	0	0	0	0	0	0	0	0	0	0	0	0	0	0	18.6	0	0	0	0	0	0	0	0	0	0	0	0	0	0	0	0	0	0	0	0	0	0	0	0	0	0	0	0	0	0	0	0	0	0	
11/03/2022 20:52:41	0	0	8	14.99	15	0	3398	602	3.99	3.9908	18.6	0	False	-4.25	-4.253334	-4.246666	4.25	2.9406	0.7084	4.025	4.036	-1	-0.034	3.99	0	0	0	0	0	0	0	0	0	0	0	0	0	0	0	18.6	0	0	0	0	0	0	0	0	0	0	0	0	0	0	0	0	0	0	0	0	0	0	0	0	0	0	0	0	0	0	0	0	0	0	
11/03/2022 20:52:51	0	0	8	14.98	15	0	3396	612	3.987	3.988	18.6	0	False	-4.248333	-4.253334	-4.253334	4.25	2.9406	0.7202	4.025	4.025	-1	-0.046	3.987	0	0	0	0	0	0	0	0	0	0	0	0	0	0	0	18.6	0	0	0	0	0	0	0	0	0	0	0	0	0	0	0	0	0	0	0	0	0	0	0	0	0	0	0	0	0	0	0	0	0	0	
11/03/2022 20:53:01	0	0	8	14.98	15	0	3402	622	3.984	3.985	18.6	0	False	-4.248333	-4.253334	-4.241667	4.25	2.9406	0.732	4.025	4.025	-1	-0.046	3.984	0	0	0	0	0	0	0	0	0	0	0	0	0	0	0	18.6	0	0	0	0	0	0	0	0	0	0	0	0	0	0	0	0	0	0	0	0	0	0	0	0	0	0	0	0	0	0	0	0	0	0	
11/03/2022 20:53:11	0	0	8	14.98	15	0	3408	632	3.982	3.9822	18.6	0	False	-4.246666	-4.245	-4.231667	4.25	2.9406	0.7438	4.014	4.025	-1	-0.034	3.982	0	0	0	0	0	0	0	0	0	0	0	0	0	0	0	18.6	0	0	0	0	0	0	0	0	0	0	0	0	0	0	0	0	0	0	0	0	0	0	0	0	0	0	0	0	0	0	0	0	0	0	
11/03/2022 20:53:21	0	0	8	14.99	15	0	3398	642	3.979	3.9796	18.6	0	False	-4.251667	-4.255	-4.258333	4.25	2.9406	0.7556	4.014	4.022	-1	-0.034	3.979	0	0	0	0	0	0	0	0	0	0	0	0	0	0	0	18.6	0	0	0	0	0	0	0	0	0	0	0	0	0	0	0	0	0	0	0	0	0	0	0	0	0	0	0	0	0	0	0	0	0	0	
11/03/2022 20:53:31	0	0	8	14.98	15	0	3406	652	3.975	3.976	18.6	0	False	-4.246666	-4.245	-4.253334	4.25	2.9406	0.7674	4.002	4.014	-1	-0.034	3.975	0	0	0	0	0	0	0	0	0	0	0	0	0	0	0	18.6	0	0	0	0	0	0	0	0	0	0	0	0	0	0	0	0	0	0	0	0	0	0	0	0	0	0	0	0	0	0	0	0	0	0	
11/03/2022 20:53:41	0	0	8	14.98	15	0	3400	662	3.973	3.9734	18.6	0	False	-4.248333	-4.251667	-4.258333	4.25	2.9406	0.7792	4.002	4.014	-1	-0.034	3.973	0	0	0	0	0	0	0	0	0	0	0	0	0	0	0	18.6	0	0	0	0	0	0	0	0	0	0	0	0	0	0	0	0	0	0	0	0	0	0	0	0	0	0	0	0	0	0	0	0	0	0	
11/03/2022 20:53:51	0	0	8	14.99	15	0	3406	672	3.969	3.9697	18.6	0	False	-4.246666	-4.246666	-4.231667	4.25	2.9406	0.7909	3.991	4.013	-1	-0.023	3.969	0	0	0	0	0	0	0	0	0	0	0	0	0	0	0	18.6	0	0	0	0	0	0	0	0	0	0	0	0	0	0	0	0	0	0	0	0	0	0	0	0	0	0	0	0	0	0	0	0	0	0	
11/03/2022 20:54:01	0	0	8	14.98	15	0	3408	681	3.966	3.9667	18.6	0	False	-4.245	-4.243333	-4.231667	4.25	2.9406	0.8015	4.002	4.002	-1	-0.034	3.966	0	0	0	0	0	0	0	0	0	0	0	0	0	0	0	18.6	0	0	0	0	0	0	0	0	0	0	0	0	0	0	0	0	0	0	0	0	0	0	0	0	0	0	0	0	0	0	0	0	0	0	
11/03/2022 20:54:11	0	0	8	14.98	15	0	3402	691	3.963	3.9632	18.6	0	False	-4.25	-4.25	-4.253334	4.25	2.9406	0.8133	4.002	4.002	-1	-0.034	3.963	0	0	0	0	0	0	0	0	0	0	0	0	0	0	0	18.6	0	0	0	0	0	0	0	0	0	0	0	0	0	0	0	0	0	0	0	0	0	0	0	0	0	0	0	0	0	0	0	0	0	0	
11/03/2022 20:54:21	0	0	8	14.98	15	0	3408	701	3.959	3.9597	18.6	0	False	-4.248333	-4.246666	-4.231667	4.25	2.9406	0.8251	3.991	4.002	-1	-0.034	3.959	0	0	0	0	0	0	0	0	0	0	0	0	0	0	0	18.6	0	0	0	0	0	0	0	0	0	0	0	0	0	0	0	0	0	0	0	0	0	0	0	0	0	0	0	0	0	0	0	0	0	0	
11/03/2022 20:54:31	0	0	8	14.99	15	0	3402	711	3.955	3.956	18.6	0	False	-4.246666	-4.25	-4.258333	4.25	2.9406	0.8369	3.991	3.994	-1	-0.034	3.955	0	0	0	0	0	0	0	0	0	0	0	0	0	0	0	18.6	0	0	0	0	0	0	0	0	0	0	0	0	0	0	0	0	0	0	0	0	0	0	0	0	0	0	0	0	0	0	0	0	0	0	
11/03/2022 20:54:41	0	0	8	14.99	15	0	3408	721	3.952	3.9522	18.6	0	False	-4.248333	-4.245	-4.231667	4.25	2.9406	0.8487	3.991	3.991	-1	-0.034	3.952	0	0	0	0	0	0	0	0	0	0	0	0	0	0	0	18.6	0	0	0	0	0	0	0	0	0	0	0	0	0	0	0	0	0	0	0	0	0	0	0	0	0	0	0	0	0	0	0	0	0	0	
11/03/2022 20:54:51	0	0	8	14.98	15	0	3402	731	3.948	3.9485	18.6	0	False	-4.245	-4.25	-4.253334	4.25	2.9406	0.8605	3.979	3.991	-1	-0.034	3.948	0	0	0	0	0	0	0	0	0	0	0	0	0	0	0	18.6	0	0	0	0	0	0	0	0	0	0	0	0	0	0	0	0	0	0	0	0	0	0	0	0	0	0	0	0	0	0	0	0	0	0	
11/03/2022 20:55:01	0	0	8	14.99	15	0	3400	741	3.943	3.9437	18.6	0	False	-4.245	-4.251667	-4.236667	4.25	2.9406	0.8723	3.979	3.985	-1	-0.034	3.943	0	0	0	0	0	0	0	0	0	0	0	0	0	0	0	18.6	0	0	0	0	0	0	0	0	0	0	0	0	0	0	0	0	0	0	0	0	0	0	0	0	0	0	0	0	0	0	0	0	0	0	
11/03/2022 20:55:11	0	0	8	14.98	15	0	3406	751	3.939	3.9397	18.6	0	False	-4.25	-4.248333	-4.236667	4.25	2.9406	0.8841	3.968	3.979	-1	-0.034	3.939	0	0	0	0	0	0	0	0	0	0	0	0	0	0	0	18.6	0	0	0	0	0	0	0	0	0	0	0	0	0	0	0	0	0	0	0	0	0	0	0	0	0	0	0	0	0	0	0	0	0	0	
11/03/2022 20:55:21	0	0	8	14.99	15	0	3400	761	3.935	3.936	18.6	0	False	-4.248333	-4.253334	-4.253334	4.25	2.9406	0.8959	3.968	3.979	-1	-0.034	3.935	0	0	0	0	0	0	0	0	0	0	0	0	0	0	0	18.6	0	0	0	0	0	0	0	0	0	0	0	0	0	0	0	0	0	0	0	0	0	0	0	0	0	0	0	0	0	0	0	0	0	0	
11/03/2022 20:55:31	0	0	8	14.98	15	0	3404	771	3.931	3.9321	18.6	0	False	-4.248333	-4.251667	-4.253334	4.25	2.9406	0.9077	3.968	3.974	-1	-0.034	3.931	0	0	0	0	0	0	0	0	0	0	0	0	0	0	0	18.6	0	0	0	0	0	0	0	0	0	0	0	0	0	0	0	0	0	0	0	0	0	0	0	0	0	0	0	0	0	0	0	0	0	0	
11/03/2022 20:55:41	0	0	8	14.98	15	0	3402	781	3.928	3.9285	18.6	0	False	-4.246666	-4.248333	-4.241667	4.25	2.9406	0.9195	3.968	3.968	-1	-0.034	3.928	0	0	0	0	0	0	0	0	0	0	0	0	0	0	0	18.6	0	0	0	0	0	0	0	0	0	0	0	0	0	0	0	0	0	0	0	0	0	0	0	0	0	0	0	0	0	0	0	0	0	0	
11/03/2022 20:55:51	0	0	8	14.98	15	0	3400	791	3.924	3.9247	18.6	0	False	-4.246666	-4.248333	-4.263333	4.25	2.9406	0.9313	3.956	3.968	-1	-0.034	3.924	0	0	0	0	0	0	0	0	0	0	0	0	0	0	0	18.6	0	0	0	0	0	0	0	0	0	0	0	0	0	0	0	0	0	0	0	0	0	0	0	0	0	0	0	0	0	0	0	0	0	0	
11/03/2022 20:56:01	0	0	8	14.98	15	0	3402	801	3.92	3.921	18.6	0	False	-4.246666	-4.25	-4.241667	4.25	2.9406	0.9432	3.956	3.963	-1	-0.034	3.92	0	0	0	0	0	0	0	0	0	0	0	0	0	0	0	18.6	0	0	0	0	0	0	0	0	0	0	0	0	0	0	0	0	0	0	0	0	0	0	0	0	0	0	0	0	0	0	0	0	0	0	
11/03/2022 20:56:11	0	0	8	14.98	15	0	3404	811	3.917	3.9172	18.6	0	False	-4.25	-4.253334	-4.253334	4.25	2.9406	0.955	3.956	3.956	-1	-0.034	3.917	0	0	0	0	0	0	0	0	0	0	0	0	0	0	0	18.6	0	0	0	0	0	0	0	0	0	0	0	0	0	0	0	0	0	0	0	0	0	0	0	0	0	0	0	0	0	0	0	0	0	0	
11/03/2022 20:56:21	0	0	8	14.99	15	0	3398	821	3.913	3.9135	18.6	0	False	-4.251667	-4.251667	-4.231667	4.25	2.9406	0.9668	3.945	3.956	-1	-0.034	3.913	0	0	0	0	0	0	0	0	0	0	0	0	0	0	0	18.6	0	0	0	0	0	0	0	0	0	0	0	0	0	0	0	0	0	0	0	0	0	0	0	0	0	0	0	0	0	0	0	0	0	0	
11/03/2022 20:56:31	0	0	8	14.98	15	0	3412	831	3.909	3.9097	18.6	0	False	-4.246666	-4.246666	-4.241667	4.25	2.9406	0.9786	3.945	3.948	-1	-0.034	3.909	0	0	0	0	0	0	0	0	0	0	0	0	0	0	0	18.6	0	0	0	0	0	0	0	0	0	0	0	0	0	0	0	0	0	0	0	0	0	0	0	0	0	0	0	0	0	0	0	0	0	0	
11/03/2022 20:56:41	0	0	8	14.99	15	0	3398	841	3.905	3.906	18.6	0	False	-4.25	-4.25	-4.235	4.25	2.9406	0.9904	3.945	3.945	-1	-0.046	3.905	0	0	0	0	0	0	0	0	0	0	0	0	0	0	0	18.6	0	0	0	0	0	0	0	0	0	0	0	0	0	0	0	0	0	0	0	0	0	0	0	0	0	0	0	0	0	0	0	0	0	0	
11/03/2022 20:56:51	0	0	8	14.99	15	0	3400	851	3.902	3.9029	18.6	0	False	-4.246666	-4.253334	-4.241667	4.25	2.9406	1.0022	3.945	3.945	-1	-0.034	3.902	0	0	0	0	0	0	0	0	0	0	0	0	0	0	0	18.6	0	0	0	0	0	0	0	0	0	0	0	0	0	0	0	0	0	0	0	0	0	0	0	0	0	0	0	0	0	0	0	0	0	0	
11/03/2022 20:57:01	0	0	8	14.98	15	0	3406	860	3.899	3.8996	18.6	0	False	-4.246666	-4.245	-4.241667	4.25	2.9406	1.0139	3.933	3.939	-1	-0.034	3.899	0	0	0	0	0	0	0	0	0	0	0	0	0	0	0	18.6	0	0	0	0	0	0	0	0	0	0	0	0	0	0	0	0	0	0	0	0	0	0	0	0	0	0	0	0	0	0	0	0	0	0	
11/03/2022 20:57:11	0	0	8	14.98	15	0	3406	870	3.895	3.896	18.6	0	False	-4.248333	-4.246666	-4.231667	4.25	2.9406	1.0246	3.933	3.933	-1	-0.034	3.895	0	0	0	0	0	0	0	0	0	0	0	0	0	0	0	18.6	0	0	0	0	0	0	0	0	0	0	0	0	0	0	0	0	0	0	0	0	0	0	0	0	0	0	0	0	0	0	0	0	0	0	
11/03/2022 20:57:21	0	0	8	14.98	15	0	3404	880	3.892	3.893	18.6	0	False	-4.245	-4.246666	-4.22	4.25	2.9406	1.0364	3.922	3.933	-1	-0.034	3.892	0	0	0	0	0	0	0	0	0	0	0	0	0	0	0	18.6	0	0	0	0	0	0	0	0	0	0	0	0	0	0	0	0	0	0	0	0	0	0	0	0	0	0	0	0	0	0	0	0	0	0	
11/03/2022 20:57:31	0	0	8	14.98	15	0	3410	890	3.889	3.8897	18.6	0	False	-4.25	-4.246666	-4.265	4.25	2.9406	1.0482	3.922	3.93	-1	-0.023	3.889	0	0	0	0	0	0	0	0	0	0	0	0	0	0	0	18.6	0	0	0	0	0	0	0	0	0	0	0	0	0	0	0	0	0	0	0	0	0	0	0	0	0	0	0	0	0	0	0	0	0	0	
11/03/2022 20:57:41	0	0	8	14.99	15	0	3400	900	3.885	3.8859	18.6	0	False	-4.246666	-4.251667	-4.241667	4.25	2.9406	1.06	3.91	3.922	-1	-0.034	3.885	0	0	0	0	0	0	0	0	0	0	0	0	0	0	0	18.6	0	0	0	0	0	0	0	0	0	0	0	0	0	0	0	0	0	0	0	0	0	0	0	0	0	0	0	0	0	0	0	0	0	0	
11/03/2022 20:57:51	0	0	8	14.98	15	0	3402	910	3.883	3.8832	18.6	0	False	-4.248333	-4.253334	-4.253334	4.25	2.9406	1.0718	3.91	3.922	-1	-0.034	3.883	0	0	0	0	0	0	0	0	0	0	0	0	0	0	0	18.6	0	0	0	0	0	0	0	0	0	0	0	0	0	0	0	0	0	0	0	0	0	0	0	0	0	0	0	0	0	0	0	0	0	0	
11/03/2022 20:58:01	0	0	8	14.98	15	0	3404	920	3.879	3.8797	18.6	0	False	-4.248333	-4.248333	-4.231667	4.25	2.9406	1.0836	3.91	3.922	-1	-0.034	3.879	0	0	0	0	0	0	0	0	0	0	0	0	0	0	0	18.6	0	0	0	0	0	0	0	0	0	0	0	0	0	0	0	0	0	0	0	0	0	0	0	0	0	0	0	0	0	0	0	0	0	0	
11/03/2022 20:58:11	0	0	8	14.99	15	0	3406	930	3.877	3.8771	18.6	0	False	-4.245	-4.246666	-4.265	4.25	2.9406	1.0954	3.922	3.915	-1	-0.034	3.877	0	0	0	0	0	0	0	0	0	0	0	0	0	0	0	18.6	0	0	0	0	0	0	0	0	0	0	0	0	0	0	0	0	0	0	0	0	0	0	0	0	0	0	0	0	0	0	0	0	0	0	
