DateTime	SlaveNum	Cycle	Mode	SupplyVolts	LSupplyVolts	SupplyAmps	PWM	SecTimer	AvgCellVolts	MaxCellVolts	AvgIR	FallBackVolts	CVStarted	SlowAmps	AvgAmps	FastAmps	SetAmps	AhrIN	AhrOUT	PackVolts	AvgPackVolts	Fuel1	SumError	Cell1Volts	Cell2Volts	Cell3Volts	Cell4Volts	Cell5Volts	Cell6Volts	Cell7Volts	Cell8Volts	Cell9Volts	Cell10Volts	Cell11Volts	Cell12Volts	Cell13Volts	Cell14Volts	Cell15Volts	Cell16Volts	Cell1IR	Cell2IR	Cell3IR	Cell4IR	Cell5IR	Cell6IR	Cell7IR	Cell8IR	Cell9IR	Cell10IR	Cell11IR	Cell12IR	Cell13IR	Cell14IR	Cell15IR	Cell16IR	BP1PWM	BP2PWM	BP3PWM	BP4PWM	BP5PWM	BP6PWM	BP7PWM	BP8PWM	BP9PWM	BP10PWM	BP11PWM	BP12PWM	BP13PWM	BP14PWM	BP15PWM	BP16PWM	Debug1	Debug2	Debug3	
14/03/2022 14:12:39	0	0	6	15.02	15.02	1.1	2138	15	3.573	3.5734	0	0	False	1.086667	1.361667	4.11	4.2	0.0015	0	3.601	3.601	57.8	-0.034	3.573	0	0	0	0	0	0	0	0	0	0	0	0	0	0	0	21.3	0	0	0	0	0	0	0	0	0	0	0	0	0	0	0	0	0	0	0	0	0	0	0	0	0	0	0	0	0	0	0	0	0	0	
14/03/2022 14:12:40	0	0	6	15.02	15.02	1.1	2138	15	3.573	3.5734	0	0	False	1.086667	1.361667	4.11	4.2	0.0015	0	3.601	3.601	57.8	-0.034	3.573	0	0	0	0	0	0	0	0	0	0	0	0	0	0	0	21.3	0	0	0	0	0	0	0	0	0	0	0	0	0	0	0	0	0	0	0	0	0	0	0	0	0	0	0	0	0	0	0	0	0	0	
14/03/2022 14:12:50	0	0	6	15.02	15.02	1.1	2156	25	3.599	3.5996	21.7	0	False	4.138333	4.163333	4.286667	4.2	0.013	0	3.624	3.635	59.2	-0.034	3.599	0	0	0	0	0	0	0	0	0	0	0	0	0	0	0	21.7	0	0	0	0	0	0	0	0	0	0	0	0	0	0	0	0	0	0	0	0	0	0	0	0	0	0	0	0	0	0	0	0	0	0	
14/03/2022 14:13:00	0	0	6	15.02	15.02	1.1	2160	35	3.61	3.6096	21.9	0	False	4.158333	4.176667	4.22	4.2	0.0247	0	3.635	3.635	59.8	-0.023	3.61	0	0	0	0	0	0	0	0	0	0	0	0	0	0	0	21.9	0	0	0	0	0	0	0	0	0	0	0	0	0	0	0	0	0	0	0	0	0	0	0	0	0	0	0	0	0	0	0	0	0	0	
14/03/2022 14:13:10	0	0	6	15.02	15.02	1.1	2164	45	3.618	3.6171	21.8	0	False	4.175	4.181667	4.198333	4.2	0.0363	0	3.647	3.647	60.2	-0.023	3.618	0	0	0	0	0	0	0	0	0	0	0	0	0	0	0	21.8	0	0	0	0	0	0	0	0	0	0	0	0	0	0	0	0	0	0	0	0	0	0	0	0	0	0	0	0	0	0	0	0	0	0	
14/03/2022 14:13:20	0	0	6	15.02	15.03	1.1	2166	55	3.623	3.6234	21.8	0	False	4.183333	4.206666	4.125	4.2	0.048	0	3.647	3.647	60.4	-0.023	3.623	0	0	0	0	0	0	0	0	0	0	0	0	0	0	0	21.8	0	0	0	0	0	0	0	0	0	0	0	0	0	0	0	0	0	0	0	0	0	0	0	0	0	0	0	0	0	0	0	0	0	0	
14/03/2022 14:13:30	0	0	6	15.02	15.03	1.1	2172	65	3.629	3.6284	21.9	0	False	4.193333	4.18	4.186666	4.2	0.0597	0	3.658	3.658	60.8	-0.034	3.629	0	0	0	0	0	0	0	0	0	0	0	0	0	0	0	21.9	0	0	0	0	0	0	0	0	0	0	0	0	0	0	0	0	0	0	0	0	0	0	0	0	0	0	0	0	0	0	0	0	0	0	
14/03/2022 14:13:40	0	0	6	15.02	15.03	1.1	2172	75	3.634	3.6346	21.6	0	False	4.196667	4.201667	4.2	4.2	0.0713	0	3.658	3.659	61	-0.023	3.634	0	0	0	0	0	0	0	0	0	0	0	0	0	0	0	21.6	0	0	0	0	0	0	0	0	0	0	0	0	0	0	0	0	0	0	0	0	0	0	0	0	0	0	0	0	0	0	0	0	0	0	
14/03/2022 14:13:50	0	0	6	15.02	15.03	1.1	2174	85	3.638	3.6384	21.7	0	False	4.19	4.186666	4.14	4.2	0.083	0	3.67	3.67	61.2	-0.023	3.638	0	0	0	0	0	0	0	0	0	0	0	0	0	0	0	21.7	0	0	0	0	0	0	0	0	0	0	0	0	0	0	0	0	0	0	0	0	0	0	0	0	0	0	0	0	0	0	0	0	0	0	
14/03/2022 14:14:00	0	0	6	15.03	15.02	1.1	2178	94	3.642	3.6431	21.8	0	False	4.193333	4.19	4.173333	4.2	0.0934	0	3.67	3.67	61.4	-0.023	3.642	0	0	0	0	0	0	0	0	0	0	0	0	0	0	0	21.8	0	0	0	0	0	0	0	0	0	0	0	0	0	0	0	0	0	0	0	0	0	0	0	0	0	0	0	0	0	0	0	0	0	0	
14/03/2022 14:14:10	0	0	6	15.03	15.02	1.1	2180	104	3.646	3.6471	21.5	0	False	4.191667	4.216667	4.251667	4.2	0.1051	0	3.67	3.681	61.6	-0.034	3.646	0	0	0	0	0	0	0	0	0	0	0	0	0	0	0	21.5	0	0	0	0	0	0	0	0	0	0	0	0	0	0	0	0	0	0	0	0	0	0	0	0	0	0	0	0	0	0	0	0	0	0	
14/03/2022 14:14:20	0	0	6	15.02	15.02	1.1	2182	114	3.649	3.6496	21.8	0	False	4.198333	4.19	4.19	4.2	0.1168	0	3.681	3.681	61.8	-0.034	3.649	0	0	0	0	0	0	0	0	0	0	0	0	0	0	0	21.8	0	0	0	0	0	0	0	0	0	0	0	0	0	0	0	0	0	0	0	0	0	0	0	0	0	0	0	0	0	0	0	0	0	0	
14/03/2022 14:14:30	0	0	6	15.02	15.02	1.1	2182	124	3.653	3.6534	21.6	0	False	4.193333	4.196667	4.14	4.2	0.1284	0	3.681	3.683	61.8	-0.034	3.653	0	0	0	0	0	0	0	0	0	0	0	0	0	0	0	21.6	0	0	0	0	0	0	0	0	0	0	0	0	0	0	0	0	0	0	0	0	0	0	0	0	0	0	0	0	0	0	0	0	0	0	
14/03/2022 14:14:40	0	0	6	15.02	15.03	1.1	2184	134	3.655	3.656	21.6	0	False	4.191667	4.181667	4.2	4.2	0.1401	0	3.681	3.693	62.1	-0.034	3.655	0	0	0	0	0	0	0	0	0	0	0	0	0	0	0	21.6	0	0	0	0	0	0	0	0	0	0	0	0	0	0	0	0	0	0	0	0	0	0	0	0	0	0	0	0	0	0	0	0	0	0	
14/03/2022 14:14:50	0	0	6	15.02	15.03	1.1	2186	144	3.658	3.6593	21.7	0	False	4.191667	4.196667	4.201667	4.2	0.1517	0	3.693	3.693	62.2	-0.034	3.658	0	0	0	0	0	0	0	0	0	0	0	0	0	0	0	21.7	0	0	0	0	0	0	0	0	0	0	0	0	0	0	0	0	0	0	0	0	0	0	0	0	0	0	0	0	0	0	0	0	0	0	
14/03/2022 14:15:00	0	0	6	15.03	15.03	1.1	2186	154	3.661	3.6621	21.6	0	False	4.195	4.195	4.128334	4.2	0.1634	0	3.693	3.693	62.3	-0.034	3.661	0	0	0	0	0	0	0	0	0	0	0	0	0	0	0	21.6	0	0	0	0	0	0	0	0	0	0	0	0	0	0	0	0	0	0	0	0	0	0	0	0	0	0	0	0	0	0	0	0	0	0	
14/03/2022 14:15:10	0	0	6	15.02	15.03	1.1	2190	164	3.663	3.6643	21.6	0	False	4.198333	4.203333	4.2	4.2	0.1751	0	3.693	3.693	62.4	-0.034	3.663	0	0	0	0	0	0	0	0	0	0	0	0	0	0	0	21.6	0	0	0	0	0	0	0	0	0	0	0	0	0	0	0	0	0	0	0	0	0	0	0	0	0	0	0	0	0	0	0	0	0	0	
14/03/2022 14:15:20	0	0	6	15.02	15.03	1.2	2192	174	3.666	3.6671	21.6	0	False	4.188334	4.2	4.295	4.2	0.1867	0	3.704	3.694	62.6	-0.023	3.666	0	0	0	0	0	0	0	0	0	0	0	0	0	0	0	21.6	0	0	0	0	0	0	0	0	0	0	0	0	0	0	0	0	0	0	0	0	0	0	0	0	0	0	0	0	0	0	0	0	0	0	
14/03/2022 14:15:30	0	0	6	15.02	15.03	1.1	2190	184	3.668	3.6687	21.6	0	False	4.191667	4.195	4.168334	4.2	0.1984	0	3.704	3.704	62.7	-0.023	3.668	0	0	0	0	0	0	0	0	0	0	0	0	0	0	0	21.6	0	0	0	0	0	0	0	0	0	0	0	0	0	0	0	0	0	0	0	0	0	0	0	0	0	0	0	0	0	0	0	0	0	0	
14/03/2022 14:15:40	0	0	6	15.02	15.03	1.1	2190	194	3.67	3.6709	21.4	0	False	4.191667	4.19	4.113333	4.2	0.21	0	3.704	3.704	62.8	-0.034	3.67	0	0	0	0	0	0	0	0	0	0	0	0	0	0	0	21.4	0	0	0	0	0	0	0	0	0	0	0	0	0	0	0	0	0	0	0	0	0	0	0	0	0	0	0	0	0	0	0	0	0	0	
14/03/2022 14:15:50	0	0	6	15.03	15.03	1.1	2192	204	3.674	3.6746	21.4	0	False	4.195	4.196667	4.178333	4.2	0.2217	0	3.693	3.704	63	-0.034	3.674	0	0	0	0	0	0	0	0	0	0	0	0	0	0	0	21.4	0	0	0	0	0	0	0	0	0	0	0	0	0	0	0	0	0	0	0	0	0	0	0	0	0	0	0	0	0	0	0	0	0	0	
14/03/2022 14:16:00	0	0	6	15.03	15.03	1.1	2194	214	3.676	3.6771	21.5	0	False	4.191667	4.206666	4.146667	4.2	0.2333	0	3.704	3.704	63.1	-0.034	3.676	0	0	0	0	0	0	0	0	0	0	0	0	0	0	0	21.5	0	0	0	0	0	0	0	0	0	0	0	0	0	0	0	0	0	0	0	0	0	0	0	0	0	0	0	0	0	0	0	0	0	0	
14/03/2022 14:16:10	0	0	6	15.02	15.03	1.1	2194	224	3.678	3.6784	21.3	0	False	4.191667	4.196667	4.13	4.2	0.245	0	3.704	3.704	63.2	-0.034	3.678	0	0	0	0	0	0	0	0	0	0	0	0	0	0	0	21.3	0	0	0	0	0	0	0	0	0	0	0	0	0	0	0	0	0	0	0	0	0	0	0	0	0	0	0	0	0	0	0	0	0	0	
14/03/2022 14:16:20	0	0	6	15.02	15.03	1.1	2196	234	3.68	3.6809	21.2	0	False	4.195	4.198333	4.205	4.2	0.2566	0	3.704	3.716	63.2	-0.023	3.68	0	0	0	0	0	0	0	0	0	0	0	0	0	0	0	21.2	0	0	0	0	0	0	0	0	0	0	0	0	0	0	0	0	0	0	0	0	0	0	0	0	0	0	0	0	0	0	0	0	0	0	
14/03/2022 14:16:30	0	0	6	15.02	15.03	1.1	2198	244	3.682	3.6823	21.2	0	False	4.19	4.176667	4.18	4.2	0.2682	0	3.716	3.716	63.4	-0.034	3.682	0	0	0	0	0	0	0	0	0	0	0	0	0	0	0	21.2	0	0	0	0	0	0	0	0	0	0	0	0	0	0	0	0	0	0	0	0	0	0	0	0	0	0	0	0	0	0	0	0	0	0	
14/03/2022 14:16:40	0	0	6	15.03	15.03	1.1	2198	254	3.684	3.6846	20.9	0	False	4.19	4.205	4.151667	4.2	0.2799	0	3.704	3.716	63.5	-0.034	3.684	0	0	0	0	0	0	0	0	0	0	0	0	0	0	0	20.9	0	0	0	0	0	0	0	0	0	0	0	0	0	0	0	0	0	0	0	0	0	0	0	0	0	0	0	0	0	0	0	0	0	0	
14/03/2022 14:16:50	0	0	6	15.02	15.03	1.1	2198	264	3.686	3.6865	21	0	False	4.19	4.193333	4.125	4.2	0.2916	0	3.716	3.716	63.6	-0.034	3.686	0	0	0	0	0	0	0	0	0	0	0	0	0	0	0	21	0	0	0	0	0	0	0	0	0	0	0	0	0	0	0	0	0	0	0	0	0	0	0	0	0	0	0	0	0	0	0	0	0	0	
14/03/2022 14:17:00	0	0	6	15.03	15.03	1.2	2202	274	3.688	3.6886	20.9	0	False	4.196667	4.193333	4.318333	4.2	0.3032	0	3.716	3.716	63.7	-0.034	3.688	0	0	0	0	0	0	0	0	0	0	0	0	0	0	0	20.9	0	0	0	0	0	0	0	0	0	0	0	0	0	0	0	0	0	0	0	0	0	0	0	0	0	0	0	0	0	0	0	0	0	0	
14/03/2022 14:17:10	0	0	6	15.02	15.03	1.2	2204	284	3.69	3.6909	21	0	False	4.19	4.183333	4.266667	4.2	0.3149	0	3.716	3.716	63.8	-0.023	3.69	0	0	0	0	0	0	0	0	0	0	0	0	0	0	0	21	0	0	0	0	0	0	0	0	0	0	0	0	0	0	0	0	0	0	0	0	0	0	0	0	0	0	0	0	0	0	0	0	0	0	
14/03/2022 14:17:20	0	0	6	15.02	15.03	1.1	2204	294	3.692	3.6923	20.8	0	False	4.193333	4.19	4.135	4.2	0.3266	0	3.716	3.727	63.9	-0.023	3.692	0	0	0	0	0	0	0	0	0	0	0	0	0	0	0	20.8	0	0	0	0	0	0	0	0	0	0	0	0	0	0	0	0	0	0	0	0	0	0	0	0	0	0	0	0	0	0	0	0	0	0	
14/03/2022 14:17:30	0	0	6	15.02	15.03	1.2	2202	304	3.694	3.6947	20.9	0	False	4.2	4.208333	4.246666	4.2	0.3382	0	3.727	3.727	63.9	-0.034	3.694	0	0	0	0	0	0	0	0	0	0	0	0	0	0	0	20.9	0	0	0	0	0	0	0	0	0	0	0	0	0	0	0	0	0	0	0	0	0	0	0	0	0	0	0	0	0	0	0	0	0	0	
14/03/2022 14:17:40	0	0	6	15.02	15.03	1.1	2206	314	3.695	3.6961	20.8	0	False	4.2	4.2	4.208333	4.2	0.3499	0	3.716	3.727	64.1	-0.023	3.695	0	0	0	0	0	0	0	0	0	0	0	0	0	0	0	20.8	0	0	0	0	0	0	0	0	0	0	0	0	0	0	0	0	0	0	0	0	0	0	0	0	0	0	0	0	0	0	0	0	0	0	
14/03/2022 14:17:50	0	0	6	15.02	15.03	1.1	2206	323	3.698	3.6984	20.9	0	False	4.193333	4.181667	4.151667	4.2	0.3604	0	3.727	3.727	64.2	-0.034	3.698	0	0	0	0	0	0	0	0	0	0	0	0	0	0	0	20.9	0	0	0	0	0	0	0	0	0	0	0	0	0	0	0	0	0	0	0	0	0	0	0	0	0	0	0	0	0	0	0	0	0	0	
14/03/2022 14:18:00	0	0	6	15.02	15.03	1.1	2206	333	3.7	3.7007	20.7	0	False	4.195	4.191667	4.128334	4.2	0.3721	0	3.727	3.733	64.2	-0.034	3.7	0	0	0	0	0	0	0	0	0	0	0	0	0	0	0	20.7	0	0	0	0	0	0	0	0	0	0	0	0	0	0	0	0	0	0	0	0	0	0	0	0	0	0	0	0	0	0	0	0	0	0	
14/03/2022 14:18:10	0	0	6	15.02	15.02	1.2	2208	343	3.701	3.7022	20.7	0	False	4.2	4.211667	4.228333	4.2	0.3837	0	3.727	3.738	64.3	-0.023	3.701	0	0	0	0	0	0	0	0	0	0	0	0	0	0	0	20.7	0	0	0	0	0	0	0	0	0	0	0	0	0	0	0	0	0	0	0	0	0	0	0	0	0	0	0	0	0	0	0	0	0	0	
14/03/2022 14:18:20	0	0	6	15.02	15.02	1.2	2210	353	3.704	3.7047	20.6	0	False	4.201667	4.198333	4.185	4.2	0.3953	0	3.738	3.738	64.5	-0.023	3.704	0	0	0	0	0	0	0	0	0	0	0	0	0	0	0	20.6	0	0	0	0	0	0	0	0	0	0	0	0	0	0	0	0	0	0	0	0	0	0	0	0	0	0	0	0	0	0	0	0	0	0	
14/03/2022 14:18:30	0	0	6	15.03	15.02	1.2	2212	363	3.705	3.7062	20.7	0	False	4.195	4.21	4.273334	4.2	0.4071	0	3.738	3.738	64.6	-0.034	3.705	0	0	0	0	0	0	0	0	0	0	0	0	0	0	0	20.7	0	0	0	0	0	0	0	0	0	0	0	0	0	0	0	0	0	0	0	0	0	0	0	0	0	0	0	0	0	0	0	0	0	0	
14/03/2022 14:18:40	0	0	6	15.03	15.03	1.2	2212	373	3.708	3.7084	20.6	0	False	4.195	4.203333	4.245	4.2	0.4187	0	3.738	3.738	64.7	-0.034	3.708	0	0	0	0	0	0	0	0	0	0	0	0	0	0	0	20.6	0	0	0	0	0	0	0	0	0	0	0	0	0	0	0	0	0	0	0	0	0	0	0	0	0	0	0	0	0	0	0	0	0	0	
14/03/2022 14:18:50	0	0	6	15.03	15.02	1.2	2212	383	3.709	3.7097	20.9	0	False	4.198333	4.205	4.205	4.2	0.4303	0	3.738	3.738	64.8	-0.034	3.709	0	0	0	0	0	0	0	0	0	0	0	0	0	0	0	20.9	0	0	0	0	0	0	0	0	0	0	0	0	0	0	0	0	0	0	0	0	0	0	0	0	0	0	0	0	0	0	0	0	0	0	
14/03/2022 14:19:00	0	0	6	15.03	15.03	1.1	2212	393	3.711	3.7122	20.9	0	False	4.2	4.188334	4.173333	4.2	0.442	0	3.738	3.742	64.9	-0.034	3.711	0	0	0	0	0	0	0	0	0	0	0	0	0	0	0	20.9	0	0	0	0	0	0	0	0	0	0	0	0	0	0	0	0	0	0	0	0	0	0	0	0	0	0	0	0	0	0	0	0	0	0	
14/03/2022 14:19:10	0	0	6	15.02	15.03	1.2	2216	403	3.713	3.7143	20.6	0	False	4.191667	4.195	4.255	4.2	0.4536	0	3.738	3.75	65	-0.023	3.713	0	0	0	0	0	0	0	0	0	0	0	0	0	0	0	20.6	0	0	0	0	0	0	0	0	0	0	0	0	0	0	0	0	0	0	0	0	0	0	0	0	0	0	0	0	0	0	0	0	0	0	
14/03/2022 14:19:20	0	0	6	15.03	15.03	1.2	2216	413	3.715	3.7159	20.7	0	False	4.191667	4.186666	4.245	4.2	0.4653	0	3.738	3.75	65.1	-0.023	3.715	0	0	0	0	0	0	0	0	0	0	0	0	0	0	0	20.7	0	0	0	0	0	0	0	0	0	0	0	0	0	0	0	0	0	0	0	0	0	0	0	0	0	0	0	0	0	0	0	0	0	0	
14/03/2022 14:19:30	0	0	6	15.02	15.03	1.2	2216	423	3.717	3.7183	20.7	0	False	4.198333	4.203333	4.205	4.2	0.477	0	3.75	3.75	65.1	-0.034	3.717	0	0	0	0	0	0	0	0	0	0	0	0	0	0	0	20.7	0	0	0	0	0	0	0	0	0	0	0	0	0	0	0	0	0	0	0	0	0	0	0	0	0	0	0	0	0	0	0	0	0	0	
14/03/2022 14:19:40	0	0	6	15.03	15.03	1.2	2218	433	3.719	3.7197	20.7	0	False	4.198333	4.19	4.19	4.2	0.4886	0	3.75	3.75	65.2	-0.034	3.719	0	0	0	0	0	0	0	0	0	0	0	0	0	0	0	20.7	0	0	0	0	0	0	0	0	0	0	0	0	0	0	0	0	0	0	0	0	0	0	0	0	0	0	0	0	0	0	0	0	0	0	
14/03/2022 14:19:50	0	0	6	15.02	15.03	1.2	2220	443	3.722	3.7222	20.6	0	False	4.195	4.188334	4.235	4.2	0.5003	0	3.75	3.75	65.3	-0.034	3.722	0	0	0	0	0	0	0	0	0	0	0	0	0	0	0	20.6	0	0	0	0	0	0	0	0	0	0	0	0	0	0	0	0	0	0	0	0	0	0	0	0	0	0	0	0	0	0	0	0	0	0	
14/03/2022 14:20:00	0	0	6	15.03	15.03	1.2	2220	453	3.723	3.7234	20.6	0	False	4.195	4.18	4.235	4.2	0.5119	0	3.75	3.755	65.5	-0.034	3.723	0	0	0	0	0	0	0	0	0	0	0	0	0	0	0	20.6	0	0	0	0	0	0	0	0	0	0	0	0	0	0	0	0	0	0	0	0	0	0	0	0	0	0	0	0	0	0	0	0	0	0	
14/03/2022 14:20:10	0	0	6	15.03	15.03	1.1	2222	463	3.725	3.7259	20.6	0	False	4.2	4.198333	4.185	4.2	0.5236	0	3.738	3.761	65.6	-0.011	3.725	0	0	0	0	0	0	0	0	0	0	0	0	0	0	0	20.6	0	0	0	0	0	0	0	0	0	0	0	0	0	0	0	0	0	0	0	0	0	0	0	0	0	0	0	0	0	0	0	0	0	0	
14/03/2022 14:20:20	0	0	6	15.03	15.03	1.2	2224	473	3.727	3.7283	20.5	0	False	4.195	4.196667	4.288333	4.2	0.5352	0	3.75	3.761	65.7	-0.023	3.727	0	0	0	0	0	0	0	0	0	0	0	0	0	0	0	20.5	0	0	0	0	0	0	0	0	0	0	0	0	0	0	0	0	0	0	0	0	0	0	0	0	0	0	0	0	0	0	0	0	0	0	
14/03/2022 14:20:30	0	0	6	15.03	15.03	1.2	2224	483	3.729	3.7297	20.7	0	False	4.195	4.188334	4.228333	4.2	0.5469	0	3.761	3.761	65.8	-0.034	3.729	0	0	0	0	0	0	0	0	0	0	0	0	0	0	0	20.7	0	0	0	0	0	0	0	0	0	0	0	0	0	0	0	0	0	0	0	0	0	0	0	0	0	0	0	0	0	0	0	0	0	0	
14/03/2022 14:20:40	0	0	6	15.03	15.03	1.1	2222	493	3.731	3.732	20.8	0	False	4.198333	4.198333	4.108333	4.2	0.5586	0	3.761	3.761	65.8	-0.034	3.731	0	0	0	0	0	0	0	0	0	0	0	0	0	0	0	20.8	0	0	0	0	0	0	0	0	0	0	0	0	0	0	0	0	0	0	0	0	0	0	0	0	0	0	0	0	0	0	0	0	0	0	
14/03/2022 14:20:50	0	0	6	15.02	15.03	1.2	2228	503	3.733	3.7334	20.8	0	False	4.198333	4.193333	4.273334	4.2	0.5703	0	3.761	3.761	66	-0.034	3.733	0	0	0	0	0	0	0	0	0	0	0	0	0	0	0	20.8	0	0	0	0	0	0	0	0	0	0	0	0	0	0	0	0	0	0	0	0	0	0	0	0	0	0	0	0	0	0	0	0	0	0	
14/03/2022 14:21:00	0	0	6	15.02	15.03	1.2	2228	513	3.735	3.7359	20.7	0	False	4.193333	4.178333	4.178333	4.2	0.5819	0	3.761	3.768	66.1	-0.034	3.735	0	0	0	0	0	0	0	0	0	0	0	0	0	0	0	20.7	0	0	0	0	0	0	0	0	0	0	0	0	0	0	0	0	0	0	0	0	0	0	0	0	0	0	0	0	0	0	0	0	0	0	
14/03/2022 14:21:10	0	0	6	15.03	15.03	1.1	2228	523	3.737	3.7384	20.7	0	False	4.193333	4.173333	4.135	4.2	0.5936	0	3.761	3.773	66.2	-0.023	3.737	0	0	0	0	0	0	0	0	0	0	0	0	0	0	0	20.7	0	0	0	0	0	0	0	0	0	0	0	0	0	0	0	0	0	0	0	0	0	0	0	0	0	0	0	0	0	0	0	0	0	0	
14/03/2022 14:21:20	0	0	6	15.03	15.03	1.2	2228	533	3.739	3.7397	20.8	0	False	4.203333	4.201667	4.211667	4.2	0.6053	0	3.773	3.773	66.2	-0.034	3.739	0	0	0	0	0	0	0	0	0	0	0	0	0	0	0	20.8	0	0	0	0	0	0	0	0	0	0	0	0	0	0	0	0	0	0	0	0	0	0	0	0	0	0	0	0	0	0	0	0	0	0	
14/03/2022 14:21:30	0	0	6	15.03	15.03	1.2	2230	542	3.741	3.7422	20.7	0	False	4.193333	4.19	4.178333	4.2	0.6158	0	3.773	3.773	66.3	-0.034	3.741	0	0	0	0	0	0	0	0	0	0	0	0	0	0	0	20.7	0	0	0	0	0	0	0	0	0	0	0	0	0	0	0	0	0	0	0	0	0	0	0	0	0	0	0	0	0	0	0	0	0	0	
14/03/2022 14:21:40	0	0	6	15.02	15.03	1.1	2230	552	3.744	3.7447	20.7	0	False	4.195	4.181667	4.148334	4.2	0.6275	0	3.773	3.773	66.4	-0.034	3.744	0	0	0	0	0	0	0	0	0	0	0	0	0	0	0	20.7	0	0	0	0	0	0	0	0	0	0	0	0	0	0	0	0	0	0	0	0	0	0	0	0	0	0	0	0	0	0	0	0	0	0	
14/03/2022 14:21:50	0	0	6	15.03	15.03	1.2	2234	562	3.746	3.7465	20.7	0	False	4.195	4.205	4.19	4.2	0.6391	0	3.773	3.774	66.6	-0.034	3.746	0	0	0	0	0	0	0	0	0	0	0	0	0	0	0	20.7	0	0	0	0	0	0	0	0	0	0	0	0	0	0	0	0	0	0	0	0	0	0	0	0	0	0	0	0	0	0	0	0	0	0	
14/03/2022 14:22:00	0	0	6	15.03	15.03	1.2	2234	572	3.748	3.7484	20.7	0	False	4.195	4.175	4.173333	4.2	0.6507	0	3.773	3.784	66.7	-0.034	3.748	0	0	0	0	0	0	0	0	0	0	0	0	0	0	0	20.7	0	0	0	0	0	0	0	0	0	0	0	0	0	0	0	0	0	0	0	0	0	0	0	0	0	0	0	0	0	0	0	0	0	0	
14/03/2022 14:22:10	0	0	6	15.02	15.03	1.2	2236	582	3.75	3.7509	20.5	0	False	4.195	4.215	4.228333	4.2	0.6624	0	3.784	3.784	66.8	-0.023	3.75	0	0	0	0	0	0	0	0	0	0	0	0	0	0	0	20.5	0	0	0	0	0	0	0	0	0	0	0	0	0	0	0	0	0	0	0	0	0	0	0	0	0	0	0	0	0	0	0	0	0	0	
14/03/2022 14:22:20	0	0	6	15.02	15.03	1.1	2234	592	3.753	3.7534	20.6	0	False	4.203333	4.193333	4.125	4.2	0.6741	0	3.784	3.784	66.8	-0.034	3.753	0	0	0	0	0	0	0	0	0	0	0	0	0	0	0	20.6	0	0	0	0	0	0	0	0	0	0	0	0	0	0	0	0	0	0	0	0	0	0	0	0	0	0	0	0	0	0	0	0	0	0	
14/03/2022 14:22:30	0	0	6	15.02	15.03	1.2	2238	602	3.755	3.7559	20.5	0	False	4.198333	4.186666	4.161667	4.2	0.6857	0	3.784	3.784	67	-0.023	3.755	0	0	0	0	0	0	0	0	0	0	0	0	0	0	0	20.5	0	0	0	0	0	0	0	0	0	0	0	0	0	0	0	0	0	0	0	0	0	0	0	0	0	0	0	0	0	0	0	0	0	0	
14/03/2022 14:22:40	0	0	6	15.03	15.03	1.2	2238	608	3.756	3.7572	20.6	0	False	4.195	4.193333	4.186666	4.2	0.6927	0	3.784	3.789	67.1	-0.034	3.756	0	0	0	0	0	0	0	0	0	0	0	0	0	0	0	20.6	0	0	0	0	0	0	0	0	0	0	0	0	0	0	0	0	0	0	0	0	0	0	0	0	0	0	0	0	0	0	0	0	0	0	
14/03/2022 14:22:50	0	0	6	15.02	15.03	1.1	2238	622	3.76	3.7609	20.6	0	False	4.195	4.191667	4.116667	4.2	0.709	0	3.784	3.796	67.2	-0.023	3.76	0	0	0	0	0	0	0	0	0	0	0	0	0	0	0	20.6	0	0	0	0	0	0	0	0	0	0	0	0	0	0	0	0	0	0	0	0	0	0	0	0	0	0	0	0	0	0	0	0	0	0	
14/03/2022 14:23:00	0	0	6	15.03	15.03	1.2	2240	632	3.762	3.7634	20.6	0	False	4.198333	4.195	4.218333	4.2	0.7206	0	3.796	3.796	67.4	-0.034	3.762	0	0	0	0	0	0	0	0	0	0	0	0	0	0	0	20.6	0	0	0	0	0	0	0	0	0	0	0	0	0	0	0	0	0	0	0	0	0	0	0	0	0	0	0	0	0	0	0	0	0	0	
14/03/2022 14:23:10	0	0	6	15.03	15.02	1.2	2242	642	3.764	3.7656	20.6	0	False	4.195	4.198333	4.135	4.2	0.7323	0	3.796	3.796	67.5	-0.034	3.764	0	0	0	0	0	0	0	0	0	0	0	0	0	0	0	20.6	0	0	0	0	0	0	0	0	0	0	0	0	0	0	0	0	0	0	0	0	0	0	0	0	0	0	0	0	0	0	0	0	0	0	
14/03/2022 14:23:20	0	0	6	15.03	15.02	1.2	2244	652	3.767	3.7684	20.4	0	False	4.198333	4.2	4.113333	4.2	0.744	0	3.796	3.805	67.6	-0.034	3.767	0	0	0	0	0	0	0	0	0	0	0	0	0	0	0	20.4	0	0	0	0	0	0	0	0	0	0	0	0	0	0	0	0	0	0	0	0	0	0	0	0	0	0	0	0	0	0	0	0	0	0	
14/03/2022 14:23:30	0	0	6	15.03	15.02	1.2	2246	662	3.769	3.7701	20.5	0	False	4.198333	4.185	4.185	4.2	0.7556	0	3.807	3.807	67.7	-0.023	3.769	0	0	0	0	0	0	0	0	0	0	0	0	0	0	0	20.5	0	0	0	0	0	0	0	0	0	0	0	0	0	0	0	0	0	0	0	0	0	0	0	0	0	0	0	0	0	0	0	0	0	0	
14/03/2022 14:23:40	0	0	6	15.03	15.03	1.2	2248	672	3.772	3.773	20.4	0	False	4.19	4.188334	4.29	4.2	0.7673	0	3.807	3.807	67.9	-0.034	3.772	0	0	0	0	0	0	0	0	0	0	0	0	0	0	0	20.4	0	0	0	0	0	0	0	0	0	0	0	0	0	0	0	0	0	0	0	0	0	0	0	0	0	0	0	0	0	0	0	0	0	0	
14/03/2022 14:23:50	0	0	6	15.02	15.03	1.1	2246	682	3.774	3.7755	20.4	0	False	4.193333	4.203333	4.108333	4.2	0.779	0	3.807	3.807	68	-0.034	3.774	0	0	0	0	0	0	0	0	0	0	0	0	0	0	0	20.4	0	0	0	0	0	0	0	0	0	0	0	0	0	0	0	0	0	0	0	0	0	0	0	0	0	0	0	0	0	0	0	0	0	0	
14/03/2022 14:24:00	0	0	6	15.02	15.03	1.2	2248	692	3.777	3.7781	20.4	0	False	4.19	4.185	4.185	4.2	0.7906	0	3.807	3.808	68.2	-0.034	3.777	0	0	0	0	0	0	0	0	0	0	0	0	0	0	0	20.4	0	0	0	0	0	0	0	0	0	0	0	0	0	0	0	0	0	0	0	0	0	0	0	0	0	0	0	0	0	0	0	0	0	0	
14/03/2022 14:24:10	0	0	6	15.03	15.03	1.2	2252	702	3.78	3.7809	20.4	0	False	4.185	4.18	4.245	4.2	0.8023	0	3.807	3.819	68.3	-0.023	3.78	0	0	0	0	0	0	0	0	0	0	0	0	0	0	0	20.4	0	0	0	0	0	0	0	0	0	0	0	0	0	0	0	0	0	0	0	0	0	0	0	0	0	0	0	0	0	0	0	0	0	0	
14/03/2022 14:24:20	0	0	6	15.03	15.03	1.1	2252	712	3.782	3.7834	20.4	0	False	4.188334	4.206666	4.086667	4.2	0.8139	0	3.819	3.819	68.3	-0.034	3.782	0	0	0	0	0	0	0	0	0	0	0	0	0	0	0	20.4	0	0	0	0	0	0	0	0	0	0	0	0	0	0	0	0	0	0	0	0	0	0	0	0	0	0	0	0	0	0	0	0	0	0	
14/03/2022 14:24:30	0	0	6	15.03	15.03	1.2	2256	722	3.785	3.7859	20.2	0	False	4.191667	4.175	4.276667	4.2	0.8256	0	3.819	3.819	68.6	-0.034	3.785	0	0	0	0	0	0	0	0	0	0	0	0	0	0	0	20.2	0	0	0	0	0	0	0	0	0	0	0	0	0	0	0	0	0	0	0	0	0	0	0	0	0	0	0	0	0	0	0	0	0	0	
14/03/2022 14:24:40	0	0	6	15.03	15.03	1.2	2254	732	3.788	3.7884	20.3	0	False	4.188334	4.195	4.205	4.2	0.8372	0	3.819	3.819	68.7	-0.034	3.788	0	0	0	0	0	0	0	0	0	0	0	0	0	0	0	20.3	0	0	0	0	0	0	0	0	0	0	0	0	0	0	0	0	0	0	0	0	0	0	0	0	0	0	0	0	0	0	0	0	0	0	
14/03/2022 14:24:50	0	0	6	15.03	15.03	1.2	2254	742	3.79	3.7909	20.5	0	False	4.196667	4.198333	4.205	4.2	0.8488	0	3.819	3.822	68.8	-0.034	3.79	0	0	0	0	0	0	0	0	0	0	0	0	0	0	0	20.5	0	0	0	0	0	0	0	0	0	0	0	0	0	0	0	0	0	0	0	0	0	0	0	0	0	0	0	0	0	0	0	0	0	0	
14/03/2022 14:25:00	0	0	6	15.03	15.03	1.2	2260	752	3.793	3.7944	20.4	0	False	4.201667	4.236667	4.255	4.2	0.8606	0	3.819	3.83	68.9	-0.023	3.793	0	0	0	0	0	0	0	0	0	0	0	0	0	0	0	20.4	0	0	0	0	0	0	0	0	0	0	0	0	0	0	0	0	0	0	0	0	0	0	0	0	0	0	0	0	0	0	0	0	0	0	
14/03/2022 14:25:10	0	0	6	15.03	15.03	1.2	2260	761	3.796	3.797	20.3	0	False	4.208333	4.226666	4.235	4.2	0.871	0	3.83	3.83	69.1	-0.034	3.796	0	0	0	0	0	0	0	0	0	0	0	0	0	0	0	20.3	0	0	0	0	0	0	0	0	0	0	0	0	0	0	0	0	0	0	0	0	0	0	0	0	0	0	0	0	0	0	0	0	0	0	
14/03/2022 14:25:20	0	0	6	15.02	15.03	1.2	2262	771	3.799	3.7997	20.4	0	False	4.203333	4.185	4.205	4.2	0.8827	0	3.83	3.83	69.2	-0.034	3.799	0	0	0	0	0	0	0	0	0	0	0	0	0	0	0	20.4	0	0	0	0	0	0	0	0	0	0	0	0	0	0	0	0	0	0	0	0	0	0	0	0	0	0	0	0	0	0	0	0	0	0	
14/03/2022 14:25:30	0	0	6	15.03	15.03	1.2	2264	781	3.801	3.8022	20.3	0	False	4.2	4.205	4.235	4.2	0.8944	0	3.842	3.833	69.4	-0.034	3.801	0	0	0	0	0	0	0	0	0	0	0	0	0	0	0	20.3	0	0	0	0	0	0	0	0	0	0	0	0	0	0	0	0	0	0	0	0	0	0	0	0	0	0	0	0	0	0	0	0	0	0	
14/03/2022 14:25:40	0	0	6	15.03	15.03	1.2	2264	791	3.804	3.8048	20.3	0	False	4.206666	4.201667	4.223333	4.2	0.906	0	3.83	3.842	69.5	-0.034	3.804	0	0	0	0	0	0	0	0	0	0	0	0	0	0	0	20.3	0	0	0	0	0	0	0	0	0	0	0	0	0	0	0	0	0	0	0	0	0	0	0	0	0	0	0	0	0	0	0	0	0	0	
14/03/2022 14:25:50	0	0	6	15.02	15.03	1.2	2266	801	3.807	3.8081	20.3	0	False	4.2	4.176667	4.178333	4.2	0.9177	0	3.83	3.842	69.7	-0.023	3.807	0	0	0	0	0	0	0	0	0	0	0	0	0	0	0	20.3	0	0	0	0	0	0	0	0	0	0	0	0	0	0	0	0	0	0	0	0	0	0	0	0	0	0	0	0	0	0	0	0	0	0	
14/03/2022 14:26:00	0	0	6	15.03	15.03	1.2	2266	811	3.811	3.8122	20.4	0	False	4.2	4.195	4.128334	4.2	0.9294	0	3.842	3.842	69.8	-0.034	3.811	0	0	0	0	0	0	0	0	0	0	0	0	0	0	0	20.4	0	0	0	0	0	0	0	0	0	0	0	0	0	0	0	0	0	0	0	0	0	0	0	0	0	0	0	0	0	0	0	0	0	0	
14/03/2022 14:26:10	0	0	6	15.02	15.03	1.2	2268	821	3.814	3.8147	20.1	0	False	4.2	4.193333	4.158333	4.2	0.941	0	3.842	3.844	70	-0.034	3.814	0	0	0	0	0	0	0	0	0	0	0	0	0	0	0	20.1	0	0	0	0	0	0	0	0	0	0	0	0	0	0	0	0	0	0	0	0	0	0	0	0	0	0	0	0	0	0	0	0	0	0	
14/03/2022 14:26:20	0	0	6	15.03	15.03	1.2	2272	831	3.817	3.8175	19.9	0	False	4.19	4.191667	4.245	4.2	0.9527	0	3.853	3.853	70.2	-0.034	3.817	0	0	0	0	0	0	0	0	0	0	0	0	0	0	0	19.9	0	0	0	0	0	0	0	0	0	0	0	0	0	0	0	0	0	0	0	0	0	0	0	0	0	0	0	0	0	0	0	0	0	0	
14/03/2022 14:26:30	0	0	6	15.03	15.02	1.2	2274	841	3.819	3.8205	19.9	0	False	4.193333	4.208333	4.19	4.2	0.9643	0	3.853	3.853	70.2	-0.034	3.819	0	0	0	0	0	0	0	0	0	0	0	0	0	0	0	19.9	0	0	0	0	0	0	0	0	0	0	0	0	0	0	0	0	0	0	0	0	0	0	0	0	0	0	0	0	0	0	0	0	0	0	
14/03/2022 14:26:40	0	0	6	15.03	15.03	1.2	2276	851	3.823	3.8234	20.1	0	False	4.203333	4.226666	4.266667	4.2	0.976	0	3.853	3.856	70.4	-0.034	3.823	0	0	0	0	0	0	0	0	0	0	0	0	0	0	0	20.1	0	0	0	0	0	0	0	0	0	0	0	0	0	0	0	0	0	0	0	0	0	0	0	0	0	0	0	0	0	0	0	0	0	0	
14/03/2022 14:26:50	0	0	6	15.03	15.03	1.2	2274	861	3.825	3.8259	19.9	0	False	4.205	4.195	4.116667	4.2	0.9876	0	3.865	3.865	70.6	-0.034	3.825	0	0	0	0	0	0	0	0	0	0	0	0	0	0	0	19.9	0	0	0	0	0	0	0	0	0	0	0	0	0	0	0	0	0	0	0	0	0	0	0	0	0	0	0	0	0	0	0	0	0	0	
14/03/2022 14:27:00	0	0	6	15.03	15.03	1.2	2276	871	3.828	3.8284	19.9	0	False	4.206666	4.206666	4.216667	4.2	0.9993	0	3.865	3.865	70.7	-0.034	3.828	0	0	0	0	0	0	0	0	0	0	0	0	0	0	0	19.9	0	0	0	0	0	0	0	0	0	0	0	0	0	0	0	0	0	0	0	0	0	0	0	0	0	0	0	0	0	0	0	0	0	0	
14/03/2022 14:27:10	0	0	6	15.03	15.03	1.2	2280	881	3.831	3.8316	19.8	0	False	4.195	4.196667	4.25	4.2	1.011	0	3.865	3.865	70.8	-0.034	3.831	0	0	0	0	0	0	0	0	0	0	0	0	0	0	0	19.8	0	0	0	0	0	0	0	0	0	0	0	0	0	0	0	0	0	0	0	0	0	0	0	0	0	0	0	0	0	0	0	0	0	0	
14/03/2022 14:27:20	0	0	6	15.03	15.03	1.2	2278	891	3.834	3.8347	19.8	0	False	4.198333	4.205	4.096667	4.2	1.0226	0	3.865	3.865	70.9	-0.034	3.834	0	0	0	0	0	0	0	0	0	0	0	0	0	0	0	19.8	0	0	0	0	0	0	0	0	0	0	0	0	0	0	0	0	0	0	0	0	0	0	0	0	0	0	0	0	0	0	0	0	0	0	
14/03/2022 14:27:30	0	0	6	15.03	15.03	1.2	2284	901	3.836	3.8372	19.9	0	False	4.198333	4.195	4.276667	4.2	1.0343	0	3.865	3.876	71.1	-0.034	3.836	0	0	0	0	0	0	0	0	0	0	0	0	0	0	0	19.9	0	0	0	0	0	0	0	0	0	0	0	0	0	0	0	0	0	0	0	0	0	0	0	0	0	0	0	0	0	0	0	0	0	0	
14/03/2022 14:27:40	0	0	6	15.03	15.03	1.2	2282	911	3.839	3.8397	19.8	0	False	4.193333	4.213333	4.135	4.2	1.046	0	3.876	3.876	71.2	-0.034	3.839	0	0	0	0	0	0	0	0	0	0	0	0	0	0	0	19.8	0	0	0	0	0	0	0	0	0	0	0	0	0	0	0	0	0	0	0	0	0	0	0	0	0	0	0	0	0	0	0	0	0	0	
14/03/2022 14:27:50	0	0	6	15.03	15.03	1.2	2284	921	3.842	3.8423	19.8	0	False	4.2	4.181667	4.235	4.2	1.0576	0	3.876	3.876	71.4	-0.034	3.842	0	0	0	0	0	0	0	0	0	0	0	0	0	0	0	19.8	0	0	0	0	0	0	0	0	0	0	0	0	0	0	0	0	0	0	0	0	0	0	0	0	0	0	0	0	0	0	0	0	0	0	
14/03/2022 14:28:00	0	0	6	15.03	15.03	1.2	2288	931	3.844	3.8455	19.8	0	False	4.196667	4.208333	4.288333	4.2	1.0693	0	3.876	3.876	71.5	-0.034	3.844	0	0	0	0	0	0	0	0	0	0	0	0	0	0	0	19.8	0	0	0	0	0	0	0	0	0	0	0	0	0	0	0	0	0	0	0	0	0	0	0	0	0	0	0	0	0	0	0	0	0	0	
14/03/2022 14:28:10	0	0	6	15.03	15.03	1.2	2286	941	3.847	3.8484	19.8	0	False	4.205	4.221667	4.211667	4.2	1.0809	0	3.876	3.882	71.6	-0.046	3.847	0	0	0	0	0	0	0	0	0	0	0	0	0	0	0	19.8	0	0	0	0	0	0	0	0	0	0	0	0	0	0	0	0	0	0	0	0	0	0	0	0	0	0	0	0	0	0	0	0	0	0	
14/03/2022 14:28:20	0	0	6	15.03	15.03	1.2	2290	951	3.85	3.8509	19.7	0	False	4.201667	4.2	4.2	4.2	1.0926	0	3.888	3.888	71.7	-0.023	3.85	0	0	0	0	0	0	0	0	0	0	0	0	0	0	0	19.7	0	0	0	0	0	0	0	0	0	0	0	0	0	0	0	0	0	0	0	0	0	0	0	0	0	0	0	0	0	0	0	0	0	0	
14/03/2022 14:28:30	0	0	6	15.03	15.03	1.2	2292	960	3.853	3.8534	19.6	0	False	4.198333	4.225	4.29	4.2	1.1043	0	3.888	3.888	72	-0.034	3.853	0	0	0	0	0	0	0	0	0	0	0	0	0	0	0	19.6	0	0	0	0	0	0	0	0	0	0	0	0	0	0	0	0	0	0	0	0	0	0	0	0	0	0	0	0	0	0	0	0	0	0	
14/03/2022 14:28:40	0	0	6	15.03	15.03	1.2	2294	970	3.855	3.8559	19.7	0	False	4.2	4.22	4.223333	4.2	1.1147	0	3.888	3.888	72.1	-0.034	3.855	0	0	0	0	0	0	0	0	0	0	0	0	0	0	0	19.7	0	0	0	0	0	0	0	0	0	0	0	0	0	0	0	0	0	0	0	0	0	0	0	0	0	0	0	0	0	0	0	0	0	0	
14/03/2022 14:28:50	0	0	6	15.02	15.03	1.2	2294	980	3.858	3.8584	19.7	0	False	4.201667	4.18	4.173333	4.2	1.1264	0	3.888	3.89	72.2	-0.034	3.858	0	0	0	0	0	0	0	0	0	0	0	0	0	0	0	19.7	0	0	0	0	0	0	0	0	0	0	0	0	0	0	0	0	0	0	0	0	0	0	0	0	0	0	0	0	0	0	0	0	0	0	
14/03/2022 14:29:00	0	0	6	15.03	15.03	1.2	2294	990	3.86	3.8613	19.6	0	False	4.198333	4.195	4.14	4.2	1.1381	0	3.888	3.899	72.3	-0.046	3.86	0	0	0	0	0	0	0	0	0	0	0	0	0	0	0	19.6	0	0	0	0	0	0	0	0	0	0	0	0	0	0	0	0	0	0	0	0	0	0	0	0	0	0	0	0	0	0	0	0	0	0	
14/03/2022 14:29:10	0	0	6	15.03	15.03	1.2	2294	1000	3.863	3.8642	19.9	0	False	4.205	4.191667	4.108333	4.2	1.1497	0	3.888	3.899	72.5	-0.034	3.863	0	0	0	0	0	0	0	0	0	0	0	0	0	0	0	19.9	0	0	0	0	0	0	0	0	0	0	0	0	0	0	0	0	0	0	0	0	0	0	0	0	0	0	0	0	0	0	0	0	0	0	
14/03/2022 14:29:20	0	0	6	15.02	15.03	1.2	2298	1010	3.866	3.8666	20	0	False	4.19	4.188334	4.135	4.2	1.1614	0	3.899	3.899	72.6	-0.034	3.866	0	0	0	0	0	0	0	0	0	0	0	0	0	0	0	20	0	0	0	0	0	0	0	0	0	0	0	0	0	0	0	0	0	0	0	0	0	0	0	0	0	0	0	0	0	0	0	0	0	0	
14/03/2022 14:29:30	0	0	6	15.02	15.03	1.2	2298	1020	3.869	3.8697	20	0	False	4.19	4.186666	4.14	4.2	1.1731	0	3.899	3.899	72.7	-0.034	3.869	0	0	0	0	0	0	0	0	0	0	0	0	0	0	0	20	0	0	0	0	0	0	0	0	0	0	0	0	0	0	0	0	0	0	0	0	0	0	0	0	0	0	0	0	0	0	0	0	0	0	
14/03/2022 14:29:40	0	0	6	15.02	15.03	1.2	2302	1030	3.872	3.8722	19.9	0	False	4.193333	4.186666	4.218333	4.2	1.1847	0	3.899	3.907	72.8	-0.034	3.872	0	0	0	0	0	0	0	0	0	0	0	0	0	0	0	19.9	0	0	0	0	0	0	0	0	0	0	0	0	0	0	0	0	0	0	0	0	0	0	0	0	0	0	0	0	0	0	0	0	0	0	
14/03/2022 14:29:50	0	0	6	15.03	15.03	1.2	2300	1040	3.874	3.8747	19.9	0	False	4.185	4.186666	4.168334	4.2	1.1963	0	3.91	3.91	73	-0.023	3.874	0	0	0	0	0	0	0	0	0	0	0	0	0	0	0	19.9	0	0	0	0	0	0	0	0	0	0	0	0	0	0	0	0	0	0	0	0	0	0	0	0	0	0	0	0	0	0	0	0	0	0	
14/03/2022 14:30:00	0	0	6	15.03	15.03	1.2	2304	1050	3.877	3.8774	19.9	0	False	4.181667	4.191667	4.223333	4.2	1.208	0	3.91	3.91	73.2	-0.034	3.877	0	0	0	0	0	0	0	0	0	0	0	0	0	0	0	19.9	0	0	0	0	0	0	0	0	0	0	0	0	0	0	0	0	0	0	0	0	0	0	0	0	0	0	0	0	0	0	0	0	0	0	
14/03/2022 14:30:10	0	0	6	15.03	15.02	1.2	2304	1060	3.879	3.8802	20.1	0	False	4.191667	4.186666	4.185	4.2	1.2196	0	3.91	3.913	73.2	-0.034	3.879	0	0	0	0	0	0	0	0	0	0	0	0	0	0	0	20.1	0	0	0	0	0	0	0	0	0	0	0	0	0	0	0	0	0	0	0	0	0	0	0	0	0	0	0	0	0	0	0	0	0	0	
14/03/2022 14:30:20	0	0	6	15.03	15.02	1.2	2308	1070	3.882	3.883	19.9	0	False	4.19	4.19	4.25	4.2	1.2313	0	3.922	3.922	73.4	-0.046	3.882	0	0	0	0	0	0	0	0	0	0	0	0	0	0	0	19.9	0	0	0	0	0	0	0	0	0	0	0	0	0	0	0	0	0	0	0	0	0	0	0	0	0	0	0	0	0	0	0	0	0	0	
14/03/2022 14:30:30	0	0	6	15.03	15.03	1.2	2308	1080	3.884	3.8858	19.8	0	False	4.193333	4.2	4.223333	4.2	1.2429	0	3.922	3.922	73.6	-0.023	3.884	0	0	0	0	0	0	0	0	0	0	0	0	0	0	0	19.8	0	0	0	0	0	0	0	0	0	0	0	0	0	0	0	0	0	0	0	0	0	0	0	0	0	0	0	0	0	0	0	0	0	0	
14/03/2022 14:30:40	0	0	6	15.03	15.03	1.2	2310	1090	3.887	3.8884	19.8	0	False	4.196667	4.183333	4.178333	4.2	1.2546	0	3.922	3.922	73.7	-0.034	3.887	0	0	0	0	0	0	0	0	0	0	0	0	0	0	0	19.8	0	0	0	0	0	0	0	0	0	0	0	0	0	0	0	0	0	0	0	0	0	0	0	0	0	0	0	0	0	0	0	0	0	0	
14/03/2022 14:30:50	0	0	6	15.03	15.03	1.2	2310	1100	3.89	3.8909	19.8	0	False	4.193333	4.208333	4.135	4.2	1.2663	0	3.922	3.923	73.7	-0.034	3.89	0	0	0	0	0	0	0	0	0	0	0	0	0	0	0	19.8	0	0	0	0	0	0	0	0	0	0	0	0	0	0	0	0	0	0	0	0	0	0	0	0	0	0	0	0	0	0	0	0	0	0	
14/03/2022 14:31:00	0	0	6	15.03	15.03	1.2	2310	1110	3.892	3.8935	19.8	0	False	4.196667	4.206666	4.09	4.2	1.2779	0	3.933	3.929	73.8	-0.034	3.892	0	0	0	0	0	0	0	0	0	0	0	0	0	0	0	19.8	0	0	0	0	0	0	0	0	0	0	0	0	0	0	0	0	0	0	0	0	0	0	0	0	0	0	0	0	0	0	0	0	0	0	
14/03/2022 14:31:10	0	0	6	15.03	15.03	1.2	2314	1120	3.895	3.896	20	0	False	4.196667	4.188334	4.285	4.2	1.2896	0	3.933	3.933	74	-0.034	3.895	0	0	0	0	0	0	0	0	0	0	0	0	0	0	0	20	0	0	0	0	0	0	0	0	0	0	0	0	0	0	0	0	0	0	0	0	0	0	0	0	0	0	0	0	0	0	0	0	0	0	
14/03/2022 14:31:20	0	0	6	15.03	15.03	1.2	2316	1130	3.898	3.8985	19.9	0	False	4.203333	4.201667	4.255	4.2	1.3013	0	3.933	3.933	74.2	-0.034	3.898	0	0	0	0	0	0	0	0	0	0	0	0	0	0	0	19.9	0	0	0	0	0	0	0	0	0	0	0	0	0	0	0	0	0	0	0	0	0	0	0	0	0	0	0	0	0	0	0	0	0	0	
14/03/2022 14:31:30	0	0	6	15.03	15.03	1.2	2314	1140	3.9	3.901	19.8	0	False	4.208333	4.205	4.2	4.2	1.3129	0	3.933	3.933	74.2	-0.034	3.9	0	0	0	0	0	0	0	0	0	0	0	0	0	0	0	19.8	0	0	0	0	0	0	0	0	0	0	0	0	0	0	0	0	0	0	0	0	0	0	0	0	0	0	0	0	0	0	0	0	0	0	
14/03/2022 14:31:40	0	0	6	15.03	15.03	1.2	2320	1150	3.903	3.9035	19.8	0	False	4.193333	4.181667	4.173333	4.2	1.3246	0	3.933	3.936	74.5	-0.034	3.903	0	0	0	0	0	0	0	0	0	0	0	0	0	0	0	19.8	0	0	0	0	0	0	0	0	0	0	0	0	0	0	0	0	0	0	0	0	0	0	0	0	0	0	0	0	0	0	0	0	0	0	
14/03/2022 14:31:50	0	0	6	15.02	15.03	1.2	2320	1159	3.905	3.906	19.8	0	False	4.19	4.205	4.235	4.2	1.3351	0	3.933	3.945	74.5	-0.034	3.905	0	0	0	0	0	0	0	0	0	0	0	0	0	0	0	19.8	0	0	0	0	0	0	0	0	0	0	0	0	0	0	0	0	0	0	0	0	0	0	0	0	0	0	0	0	0	0	0	0	0	0	
14/03/2022 14:32:00	0	0	6	15.03	15.03	1.2	2322	1169	3.907	3.9085	19.8	0	False	4.196667	4.203333	4.2	4.2	1.3467	0	3.945	3.945	74.6	-0.023	3.907	0	0	0	0	0	0	0	0	0	0	0	0	0	0	0	19.8	0	0	0	0	0	0	0	0	0	0	0	0	0	0	0	0	0	0	0	0	0	0	0	0	0	0	0	0	0	0	0	0	0	0	
14/03/2022 14:32:10	0	0	6	15.03	15.03	1.2	2322	1179	3.91	3.911	19.9	0	False	4.191667	4.173333	4.14	4.2	1.3584	0	3.945	3.945	74.8	-0.034	3.91	0	0	0	0	0	0	0	0	0	0	0	0	0	0	0	19.9	0	0	0	0	0	0	0	0	0	0	0	0	0	0	0	0	0	0	0	0	0	0	0	0	0	0	0	0	0	0	0	0	0	0	
14/03/2022 14:32:20	0	0	6	15.03	15.03	1.2	2322	1189	3.912	3.9133	19.7	0	False	4.186666	4.165	4.116667	4.2	1.3701	0	3.945	3.946	74.8	-0.034	3.912	0	0	0	0	0	0	0	0	0	0	0	0	0	0	0	19.7	0	0	0	0	0	0	0	0	0	0	0	0	0	0	0	0	0	0	0	0	0	0	0	0	0	0	0	0	0	0	0	0	0	0	
14/03/2022 14:32:30	0	0	6	15.02	15.03	1.2	2324	1199	3.914	3.9147	19.8	0	False	4.196667	4.203333	4.2	4.2	1.3817	0	3.945	3.948	75	-0.034	3.914	0	0	0	0	0	0	0	0	0	0	0	0	0	0	0	19.8	0	0	0	0	0	0	0	0	0	0	0	0	0	0	0	0	0	0	0	0	0	0	0	0	0	0	0	0	0	0	0	0	0	0	
14/03/2022 14:32:40	0	0	6	15.03	15.03	1.2	2328	1209	3.917	3.9183	19.7	0	False	4.19	4.205	4.295	4.2	1.3934	0	3.945	3.956	75.2	-0.034	3.917	0	0	0	0	0	0	0	0	0	0	0	0	0	0	0	19.7	0	0	0	0	0	0	0	0	0	0	0	0	0	0	0	0	0	0	0	0	0	0	0	0	0	0	0	0	0	0	0	0	0	0	
14/03/2022 14:32:50	0	0	6	15.03	15.03	1.2	2328	1219	3.919	3.92	19.6	0	False	4.19	4.196667	4.235	4.2	1.4051	0	3.945	3.956	75.3	-0.023	3.919	0	0	0	0	0	0	0	0	0	0	0	0	0	0	0	19.6	0	0	0	0	0	0	0	0	0	0	0	0	0	0	0	0	0	0	0	0	0	0	0	0	0	0	0	0	0	0	0	0	0	0	
14/03/2022 14:33:00	0	0	6	15.03	15.03	1.2	2330	1229	3.922	3.9224	19.7	0	False	4.201667	4.205	4.223333	4.2	1.4167	0	3.956	3.956	75.3	-0.034	3.922	0	0	0	0	0	0	0	0	0	0	0	0	0	0	0	19.7	0	0	0	0	0	0	0	0	0	0	0	0	0	0	0	0	0	0	0	0	0	0	0	0	0	0	0	0	0	0	0	0	0	0	
14/03/2022 14:33:10	0	0	6	15.03	15.03	1.2	2332	1239	3.924	3.9247	19.8	0	False	4.195	4.203333	4.266667	4.2	1.4284	0	3.956	3.956	75.6	-0.034	3.924	0	0	0	0	0	0	0	0	0	0	0	0	0	0	0	19.8	0	0	0	0	0	0	0	0	0	0	0	0	0	0	0	0	0	0	0	0	0	0	0	0	0	0	0	0	0	0	0	0	0	0	
14/03/2022 14:33:20	0	0	6	15.03	15.03	1.2	2332	1249	3.927	3.9272	19.6	0	False	4.193333	4.191667	4.091667	4.2	1.4401	0	3.956	3.961	75.6	-0.034	3.927	0	0	0	0	0	0	0	0	0	0	0	0	0	0	0	19.6	0	0	0	0	0	0	0	0	0	0	0	0	0	0	0	0	0	0	0	0	0	0	0	0	0	0	0	0	0	0	0	0	0	0	
14/03/2022 14:33:30	0	0	6	15.02	15.03	1.2	2332	1259	3.928	3.9296	19.7	0	False	4.2	4.193333	4.205	4.2	1.4517	0	3.956	3.968	75.7	-0.034	3.928	0	0	0	0	0	0	0	0	0	0	0	0	0	0	0	19.7	0	0	0	0	0	0	0	0	0	0	0	0	0	0	0	0	0	0	0	0	0	0	0	0	0	0	0	0	0	0	0	0	0	0	
14/03/2022 14:33:40	0	0	6	15.02	15.03	1.2	2334	1269	3.931	3.9322	19.8	0	False	4.196667	4.19	4.19	4.2	1.4634	0	3.968	3.968	75.8	-0.023	3.931	0	0	0	0	0	0	0	0	0	0	0	0	0	0	0	19.8	0	0	0	0	0	0	0	0	0	0	0	0	0	0	0	0	0	0	0	0	0	0	0	0	0	0	0	0	0	0	0	0	0	0	
14/03/2022 14:33:50	0	0	6	15.03	15.03	1.2	2336	1279	3.933	3.9341	19.7	0	False	4.183333	4.173333	4.255	4.2	1.475	0	3.968	3.968	76	-0.034	3.933	0	0	0	0	0	0	0	0	0	0	0	0	0	0	0	19.7	0	0	0	0	0	0	0	0	0	0	0	0	0	0	0	0	0	0	0	0	0	0	0	0	0	0	0	0	0	0	0	0	0	0	
14/03/2022 14:34:00	0	0	6	15.03	15.03	1.2	2336	1289	3.935	3.936	19.6	0	False	4.183333	4.171667	4.235	4.2	1.4866	0	3.968	3.969	76.1	-0.034	3.935	0	0	0	0	0	0	0	0	0	0	0	0	0	0	0	19.6	0	0	0	0	0	0	0	0	0	0	0	0	0	0	0	0	0	0	0	0	0	0	0	0	0	0	0	0	0	0	0	0	0	0	
14/03/2022 14:34:10	0	0	6	15.03	15.03	1.2	2338	1299	3.938	3.9385	19.6	0	False	4.2	4.196667	4.2	4.2	1.4983	0	3.968	3.979	76.2	-0.034	3.938	0	0	0	0	0	0	0	0	0	0	0	0	0	0	0	19.6	0	0	0	0	0	0	0	0	0	0	0	0	0	0	0	0	0	0	0	0	0	0	0	0	0	0	0	0	0	0	0	0	0	0	
14/03/2022 14:34:20	0	0	6	15.03	15.02	1.2	2340	1309	3.94	3.941	19.6	0	False	4.193333	4.206666	4.25	4.2	1.5099	0	3.968	3.979	76.3	-0.046	3.94	0	0	0	0	0	0	0	0	0	0	0	0	0	0	0	19.6	0	0	0	0	0	0	0	0	0	0	0	0	0	0	0	0	0	0	0	0	0	0	0	0	0	0	0	0	0	0	0	0	0	0	
14/03/2022 14:34:30	0	0	6	15.03	15.03	1.2	2340	1319	3.942	3.9435	19.6	0	False	4.198333	4.19	4.25	4.2	1.5216	0	3.968	3.979	76.4	-0.023	3.942	0	0	0	0	0	0	0	0	0	0	0	0	0	0	0	19.6	0	0	0	0	0	0	0	0	0	0	0	0	0	0	0	0	0	0	0	0	0	0	0	0	0	0	0	0	0	0	0	0	0	0	
14/03/2022 14:34:40	0	0	6	15.03	15.03	1.2	2338	1329	3.945	3.9461	19.6	0	False	4.208333	4.22	4.085	4.2	1.5332	0	3.979	3.979	76.6	-0.034	3.945	0	0	0	0	0	0	0	0	0	0	0	0	0	0	0	19.6	0	0	0	0	0	0	0	0	0	0	0	0	0	0	0	0	0	0	0	0	0	0	0	0	0	0	0	0	0	0	0	0	0	0	
14/03/2022 14:34:50	0	0	6	15.03	15.03	1.2	2344	1339	3.948	3.9485	19.5	0	False	4.195	4.176667	4.161667	4.2	1.5449	0	3.979	3.983	76.7	-0.034	3.948	0	0	0	0	0	0	0	0	0	0	0	0	0	0	0	19.5	0	0	0	0	0	0	0	0	0	0	0	0	0	0	0	0	0	0	0	0	0	0	0	0	0	0	0	0	0	0	0	0	0	0	
14/03/2022 14:35:00	0	0	6	15.03	15.03	1.2	2344	1349	3.95	3.9508	19.3	0	False	4.201667	4.203333	4.266667	4.2	1.5566	0	3.991	3.991	76.7	-0.034	3.95	0	0	0	0	0	0	0	0	0	0	0	0	0	0	0	19.3	0	0	0	0	0	0	0	0	0	0	0	0	0	0	0	0	0	0	0	0	0	0	0	0	0	0	0	0	0	0	0	0	0	0	
14/03/2022 14:35:10	0	0	6	15.03	15.03	1.2	2344	1358	3.952	3.9524	19.3	0	False	4.208333	4.211667	4.2	4.2	1.5671	0	3.979	3.991	76.8	-0.034	3.952	0	0	0	0	0	0	0	0	0	0	0	0	0	0	0	19.3	0	0	0	0	0	0	0	0	0	0	0	0	0	0	0	0	0	0	0	0	0	0	0	0	0	0	0	0	0	0	0	0	0	0	
14/03/2022 14:35:20	0	0	6	15.03	15.03	1.2	2344	1368	3.954	3.9547	19.4	0	False	4.2	4.196667	4.195	4.2	1.5788	0	3.991	3.991	77	-0.034	3.954	0	0	0	0	0	0	0	0	0	0	0	0	0	0	0	19.4	0	0	0	0	0	0	0	0	0	0	0	0	0	0	0	0	0	0	0	0	0	0	0	0	0	0	0	0	0	0	0	0	0	0	
14/03/2022 14:35:30	0	0	6	15.03	15.03	1.2	2346	1378	3.956	3.9566	19.5	0	False	4.186666	4.186666	4.151667	4.2	1.5904	0	3.991	3.991	77.1	-0.034	3.956	0	0	0	0	0	0	0	0	0	0	0	0	0	0	0	19.5	0	0	0	0	0	0	0	0	0	0	0	0	0	0	0	0	0	0	0	0	0	0	0	0	0	0	0	0	0	0	0	0	0	0	
14/03/2022 14:35:40	0	0	6	15.03	15.03	1.2	2346	1388	3.958	3.9585	19.5	0	False	4.186666	4.181667	4.135	4.2	1.602	0	3.991	3.991	77.2	-0.034	3.958	0	0	0	0	0	0	0	0	0	0	0	0	0	0	0	19.5	0	0	0	0	0	0	0	0	0	0	0	0	0	0	0	0	0	0	0	0	0	0	0	0	0	0	0	0	0	0	0	0	0	0	
14/03/2022 14:35:50	0	0	6	15.03	15.03	1.2	2350	1398	3.96	3.961	19.3	0	False	4.2	4.203333	4.223333	4.2	1.6137	0	3.991	3.998	77.2	-0.034	3.96	0	0	0	0	0	0	0	0	0	0	0	0	0	0	0	19.3	0	0	0	0	0	0	0	0	0	0	0	0	0	0	0	0	0	0	0	0	0	0	0	0	0	0	0	0	0	0	0	0	0	0	
14/03/2022 14:36:00	0	0	6	15.03	15.03	1.2	2350	1408	3.962	3.9632	19.3	0	False	4.193333	4.185	4.178333	4.2	1.6254	0	4.002	4.002	77.4	-0.034	3.962	0	0	0	0	0	0	0	0	0	0	0	0	0	0	0	19.3	0	0	0	0	0	0	0	0	0	0	0	0	0	0	0	0	0	0	0	0	0	0	0	0	0	0	0	0	0	0	0	0	0	0	
14/03/2022 14:36:10	0	0	6	15.03	15.03	1.2	2350	1418	3.964	3.9652	19.4	0	False	4.193333	4.193333	4.155	4.2	1.637	0	4.014	4.002	77.5	-0.023	3.964	0	0	0	0	0	0	0	0	0	0	0	0	0	0	0	19.4	0	0	0	0	0	0	0	0	0	0	0	0	0	0	0	0	0	0	0	0	0	0	0	0	0	0	0	0	0	0	0	0	0	0	
14/03/2022 14:36:20	0	0	6	15.03	15.03	1.2	2352	1428	3.967	3.9672	19.3	0	False	4.196667	4.21	4.228333	4.2	1.6486	0	4.002	4.002	77.6	-0.034	3.967	0	0	0	0	0	0	0	0	0	0	0	0	0	0	0	19.3	0	0	0	0	0	0	0	0	0	0	0	0	0	0	0	0	0	0	0	0	0	0	0	0	0	0	0	0	0	0	0	0	0	0	
14/03/2022 14:36:30	0	0	6	15.03	15.03	1.2	2352	1438	3.968	3.9688	19.4	0	False	4.193333	4.178333	4.2	4.2	1.6603	0	4.002	4.002	77.7	-0.034	3.968	0	0	0	0	0	0	0	0	0	0	0	0	0	0	0	19.4	0	0	0	0	0	0	0	0	0	0	0	0	0	0	0	0	0	0	0	0	0	0	0	0	0	0	0	0	0	0	0	0	0	0	
14/03/2022 14:36:40	0	0	6	15.03	15.03	1.2	2354	1448	3.971	3.9714	19.4	0	False	4.186666	4.191667	4.151667	4.2	1.6719	0	4.002	4.007	77.8	-0.034	3.971	0	0	0	0	0	0	0	0	0	0	0	0	0	0	0	19.4	0	0	0	0	0	0	0	0	0	0	0	0	0	0	0	0	0	0	0	0	0	0	0	0	0	0	0	0	0	0	0	0	0	0	
14/03/2022 14:36:50	0	0	6	15.03	15.03	1.2	2358	1458	3.973	3.9735	19.2	0	False	4.186666	4.2	4.096667	4.2	1.6835	0	4.014	4.014	78	-0.034	3.973	0	0	0	0	0	0	0	0	0	0	0	0	0	0	0	19.2	0	0	0	0	0	0	0	0	0	0	0	0	0	0	0	0	0	0	0	0	0	0	0	0	0	0	0	0	0	0	0	0	0	0	
14/03/2022 14:37:00	0	0	6	15.03	15.03	1.2	2356	1468	3.975	3.976	19.3	0	False	4.193333	4.19	4.161667	4.2	1.6952	0	4.002	4.014	78.1	-0.034	3.975	0	0	0	0	0	0	0	0	0	0	0	0	0	0	0	19.3	0	0	0	0	0	0	0	0	0	0	0	0	0	0	0	0	0	0	0	0	0	0	0	0	0	0	0	0	0	0	0	0	0	0	
14/03/2022 14:37:10	0	0	6	15.03	15.03	1.2	2358	1478	3.978	3.9785	19.3	0	False	4.203333	4.226666	4.151667	4.2	1.7069	0	4.002	4.014	78.2	-0.023	3.978	0	0	0	0	0	0	0	0	0	0	0	0	0	0	0	19.3	0	0	0	0	0	0	0	0	0	0	0	0	0	0	0	0	0	0	0	0	0	0	0	0	0	0	0	0	0	0	0	0	0	0	
14/03/2022 14:37:20	0	0	6	15.03	15.03	1.2	2358	1488	3.979	3.9807	19.3	0	False	4.205	4.201667	4.148334	4.2	1.7185	0	4.002	4.014	78.2	-0.034	3.979	0	0	0	0	0	0	0	0	0	0	0	0	0	0	0	19.3	0	0	0	0	0	0	0	0	0	0	0	0	0	0	0	0	0	0	0	0	0	0	0	0	0	0	0	0	0	0	0	0	0	0	
14/03/2022 14:37:30	0	0	6	15.02	15.03	1.2	2362	1498	3.982	3.9824	19.3	0	False	4.196667	4.183333	4.178333	4.2	1.7301	0	4.014	4.014	78.4	-0.034	3.982	0	0	0	0	0	0	0	0	0	0	0	0	0	0	0	19.3	0	0	0	0	0	0	0	0	0	0	0	0	0	0	0	0	0	0	0	0	0	0	0	0	0	0	0	0	0	0	0	0	0	0	
14/03/2022 14:37:40	0	0	6	15.03	15.03	1.3	2364	1508	3.984	3.9849	19.3	0	False	4.188334	4.168334	4.266667	4.2	1.7418	0	4.014	4.024	78.6	-0.034	3.984	0	0	0	0	0	0	0	0	0	0	0	0	0	0	0	19.3	0	0	0	0	0	0	0	0	0	0	0	0	0	0	0	0	0	0	0	0	0	0	0	0	0	0	0	0	0	0	0	0	0	0	
14/03/2022 14:37:50	0	0	6	15.02	15.03	1.2	2362	1518	3.987	3.9872	19.2	0	False	4.191667	4.22	4.108333	4.2	1.7534	0	4.025	4.025	78.6	-0.034	3.987	0	0	0	0	0	0	0	0	0	0	0	0	0	0	0	19.2	0	0	0	0	0	0	0	0	0	0	0	0	0	0	0	0	0	0	0	0	0	0	0	0	0	0	0	0	0	0	0	0	0	0	
14/03/2022 14:38:00	0	0	6	15.03	15.03	1.2	2368	1528	3.989	3.99	19.1	0	False	4.191667	4.188334	4.201667	4.2	1.7651	0	4.025	4.025	78.8	-0.034	3.989	0	0	0	0	0	0	0	0	0	0	0	0	0	0	0	19.1	0	0	0	0	0	0	0	0	0	0	0	0	0	0	0	0	0	0	0	0	0	0	0	0	0	0	0	0	0	0	0	0	0	0	
14/03/2022 14:38:10	0	0	6	15.03	15.02	1.3	2366	1538	3.992	3.993	19.1	0	False	4.185	4.211667	4.235	4.2	1.7767	0	4.025	4.029	78.8	-0.034	3.992	0	0	0	0	0	0	0	0	0	0	0	0	0	0	0	19.1	0	0	0	0	0	0	0	0	0	0	0	0	0	0	0	0	0	0	0	0	0	0	0	0	0	0	0	0	0	0	0	0	0	0	
14/03/2022 14:38:20	0	0	6	15.03	15.02	1.2	2368	1547	3.995	3.996	19.2	0	False	4.19	4.211667	4.211667	4.2	1.7872	0	4.037	4.037	79	-0.034	3.995	0	0	0	0	0	0	0	0	0	0	0	0	0	0	0	19.2	0	0	0	0	0	0	0	0	0	0	0	0	0	0	0	0	0	0	0	0	0	0	0	0	0	0	0	0	0	0	0	0	0	0	
14/03/2022 14:38:30	0	0	6	15.03	15.02	1.2	2368	1557	3.998	3.9985	19.1	0	False	4.19	4.185	4.161667	4.2	1.7989	0	4.037	4.037	79.1	-0.034	3.998	0	0	0	0	0	0	0	0	0	0	0	0	0	0	0	19.1	0	0	0	0	0	0	0	0	0	0	0	0	0	0	0	0	0	0	0	0	0	0	0	0	0	0	0	0	0	0	0	0	0	0	
14/03/2022 14:38:40	0	0	6	15.03	15.03	1.2	2370	1567	4	4.001	19.1	0	False	4.196667	4.21	4.121666	4.2	1.8105	0	4.037	4.038	79.3	-0.034	4	0	0	0	0	0	0	0	0	0	0	0	0	0	0	0	19.1	0	0	0	0	0	0	0	0	0	0	0	0	0	0	0	0	0	0	0	0	0	0	0	0	0	0	0	0	0	0	0	0	0	0	
14/03/2022 14:38:50	0	0	6	15.03	15.03	1.2	2374	1577	4.003	4.0041	19.4	0	False	4.203333	4.198333	4.223333	4.2	1.8222	0	4.037	4.041	79.5	-0.034	4.003	0	0	0	0	0	0	0	0	0	0	0	0	0	0	0	19.4	0	0	0	0	0	0	0	0	0	0	0	0	0	0	0	0	0	0	0	0	0	0	0	0	0	0	0	0	0	0	0	0	0	0	
14/03/2022 14:39:00	0	0	6	15.03	15.03	1.2	2374	1587	4.007	4.0072	19.5	0	False	4.191667	4.19	4.14	4.2	1.8338	0	4.037	4.048	79.6	-0.034	4.007	0	0	0	0	0	0	0	0	0	0	0	0	0	0	0	19.5	0	0	0	0	0	0	0	0	0	0	0	0	0	0	0	0	0	0	0	0	0	0	0	0	0	0	0	0	0	0	0	0	0	0	
14/03/2022 14:39:10	0	0	6	15.03	15.03	1.2	2374	1597	4.009	4.0097	19.4	0	False	4.191667	4.19	4.113333	4.2	1.8454	0	4.048	4.048	79.7	-0.046	4.009	0	0	0	0	0	0	0	0	0	0	0	0	0	0	0	19.4	0	0	0	0	0	0	0	0	0	0	0	0	0	0	0	0	0	0	0	0	0	0	0	0	0	0	0	0	0	0	0	0	0	0	
14/03/2022 14:39:20	0	0	6	15.03	15.03	1.3	2380	1607	4.012	4.0135	19.5	0	False	4.191667	4.193333	4.288333	4.2	1.8571	0	4.048	4.048	79.9	-0.034	4.012	0	0	0	0	0	0	0	0	0	0	0	0	0	0	0	19.5	0	0	0	0	0	0	0	0	0	0	0	0	0	0	0	0	0	0	0	0	0	0	0	0	0	0	0	0	0	0	0	0	0	0	
14/03/2022 14:39:30	0	0	6	15.03	15.03	1.3	2380	1617	4.015	4.016	19.4	0	False	4.195	4.193333	4.235	4.2	1.8687	0	4.048	4.056	80.3	-0.034	4.015	0	0	0	0	0	0	0	0	0	0	0	0	0	0	0	19.4	0	0	0	0	0	0	0	0	0	0	0	0	0	0	0	0	0	0	0	0	0	0	0	0	0	0	0	0	0	0	0	0	0	0	
14/03/2022 14:39:40	0	0	6	15.03	15.03	1.3	2382	1627	4.019	4.0197	19.5	0	False	4.201667	4.198333	4.228333	4.2	1.8804	0	4.048	4.06	80.5	-0.046	4.019	0	0	0	0	0	0	0	0	0	0	0	0	0	0	0	19.5	0	0	0	0	0	0	0	0	0	0	0	0	0	0	0	0	0	0	0	0	0	0	0	0	0	0	0	0	0	0	0	0	0	0	
14/03/2022 14:39:50	0	0	6	15.03	15.03	1.2	2382	1637	4.022	4.0224	19.4	0	False	4.191667	4.195	4.14	4.2	1.8921	0	4.06	4.06	80.7	-0.034	4.022	0	0	0	0	0	0	0	0	0	0	0	0	0	0	0	19.4	0	0	0	0	0	0	0	0	0	0	0	0	0	0	0	0	0	0	0	0	0	0	0	0	0	0	0	0	0	0	0	0	0	0	
14/03/2022 14:40:00	0	0	6	15.03	15.03	1.3	2384	1647	4.025	4.026	19.5	0	False	4.198333	4.2	4.205	4.2	1.9037	0	4.06	4.06	81.1	-0.034	4.025	0	0	0	0	0	0	0	0	0	0	0	0	0	0	0	19.5	0	0	0	0	0	0	0	0	0	0	0	0	0	0	0	0	0	0	0	0	0	0	0	0	0	0	0	0	0	0	0	0	0	0	
14/03/2022 14:40:10	0	0	6	15.03	15.03	1.3	2388	1657	4.028	4.0293	19.5	0	False	4.193333	4.185	4.276667	4.2	1.9153	0	4.06	4.069	81.5	-0.034	4.028	0	0	0	0	0	0	0	0	0	0	0	0	0	0	0	19.5	0	0	0	0	0	0	0	0	0	0	0	0	0	0	0	0	0	0	0	0	0	0	0	0	0	0	0	0	0	0	0	0	0	0	
14/03/2022 14:40:20	0	0	6	15.03	15.03	1.3	2388	1666	4.032	4.0322	19.4	0	False	4.195	4.21	4.235	4.2	1.9258	0	4.06	4.071	81.7	-0.046	4.032	0	0	0	0	0	0	0	0	0	0	0	0	0	0	0	19.4	0	0	0	0	0	0	0	0	0	0	0	0	0	0	0	0	0	0	0	0	0	0	0	0	0	0	0	0	0	0	0	0	0	0	
14/03/2022 14:40:30	0	0	6	15.03	15.03	1.2	2392	1677	4.035	4.0361	19.4	0	False	4.196667	4.203333	4.14	4.2	1.9386	0	4.082	4.072	82.3	-0.034	4.035	0	0	0	0	0	0	0	0	0	0	0	0	0	0	0	19.4	0	0	0	0	0	0	0	0	0	0	0	0	0	0	0	0	0	0	0	0	0	0	0	0	0	0	0	0	0	0	0	0	0	0	
14/03/2022 14:40:40	0	0	6	15.03	15.03	1.3	2394	1687	4.039	4.0399	19.3	0	False	4.21	4.21	4.223333	4.2	1.9503	0	4.071	4.071	82.5	-0.034	4.039	0	0	0	0	0	0	0	0	0	0	0	0	0	0	0	19.3	0	0	0	0	0	0	0	0	0	0	0	0	0	0	0	0	0	0	0	0	0	0	0	0	0	0	0	0	0	0	0	0	0	0	
14/03/2022 14:40:50	0	0	6	15.03	15.03	1.2	2394	1696	4.043	4.0435	19.3	0	False	4.196667	4.181667	4.168334	4.2	1.9608	0	4.071	4.082	82.9	-0.034	4.043	0	0	0	0	0	0	0	0	0	0	0	0	0	0	0	19.3	0	0	0	0	0	0	0	0	0	0	0	0	0	0	0	0	0	0	0	0	0	0	0	0	0	0	0	0	0	0	0	0	0	0	
14/03/2022 14:41:00	0	0	6	15.03	15.03	1.3	2396	1706	4.046	4.0472	19.3	0	False	4.198333	4.206666	4.218333	4.2	1.9724	0	4.082	4.082	83.2	-0.034	4.046	0	0	0	0	0	0	0	0	0	0	0	0	0	0	0	19.3	0	0	0	0	0	0	0	0	0	0	0	0	0	0	0	0	0	0	0	0	0	0	0	0	0	0	0	0	0	0	0	0	0	0	
14/03/2022 14:41:10	0	0	6	15.03	15.02	1.3	2400	1716	4.05	4.051	19.4	0	False	4.191667	4.201667	4.295	4.2	1.9841	0	4.094	4.088	83.7	-0.034	4.05	0	0	0	0	0	0	0	0	0	0	0	0	0	0	0	19.4	0	0	0	0	0	0	0	0	0	0	0	0	0	0	0	0	0	0	0	0	0	0	0	0	0	0	0	0	0	0	0	0	0	0	
14/03/2022 14:41:20	0	0	6	15.03	15.02	1.3	2400	1726	4.053	4.0547	19.4	0	False	4.193333	4.2	4.211667	4.2	1.9957	0	4.094	4.094	84	-0.046	4.053	0	0	0	0	0	0	0	0	0	0	0	0	0	0	0	19.4	0	0	0	0	0	0	0	0	0	0	0	0	0	0	0	0	0	0	0	0	0	0	0	0	0	0	0	0	0	0	0	0	0	0	
14/03/2022 14:41:30	0	0	6	15.03	15.02	1.3	2400	1736	4.057	4.0585	19.3	0	False	4.193333	4.191667	4.191667	4.2	2.0074	0	4.094	4.094	84.4	-0.034	4.057	0	0	0	0	0	0	0	0	0	0	0	0	0	0	0	19.3	0	0	0	0	0	0	0	0	0	0	0	0	0	0	0	0	0	0	0	0	0	0	0	0	0	0	0	0	0	0	0	0	0	0	
14/03/2022 14:41:40	0	0	6	15.03	15.03	1.3	2404	1746	4.061	4.0622	19.4	0	False	4.19	4.205	4.211667	4.2	2.019	0	4.094	4.103	84.7	-0.034	4.061	0	0	0	0	0	0	0	0	0	0	0	0	0	0	0	19.4	0	0	0	0	0	0	0	0	0	0	0	0	0	0	0	0	0	0	0	0	0	0	0	0	0	0	0	0	0	0	0	0	0	0	
14/03/2022 14:41:50	0	0	6	15.03	15.03	1.3	2406	1756	4.065	4.066	19.3	0	False	4.19	4.185	4.185	4.2	2.0307	0	4.105	4.105	85.2	-0.046	4.065	0	0	0	0	0	0	0	0	0	0	0	0	0	0	0	19.3	0	0	0	0	0	0	0	0	0	0	0	0	0	0	0	0	0	0	0	0	0	0	0	0	0	0	0	0	0	0	0	0	0	0	
14/03/2022 14:42:00	0	0	6	15.03	15.03	1.3	2408	1766	4.068	4.0697	19.3	0	False	4.193333	4.208333	4.211667	4.2	2.0424	0	4.105	4.105	85.5	-0.034	4.068	0	0	0	0	0	0	0	0	0	0	0	0	0	0	0	19.3	0	0	0	0	0	0	0	0	0	0	0	0	0	0	0	0	0	0	0	0	0	0	0	0	0	0	0	0	0	0	0	0	0	0	
14/03/2022 14:42:10	0	0	6	15.03	15.03	1.3	2410	1776	4.072	4.0729	19.3	0	False	4.19	4.186666	4.186666	4.2	2.054	0	4.105	4.108	85.9	-0.034	4.072	0	0	0	0	0	0	0	0	0	0	0	0	0	0	0	19.3	0	0	0	0	0	0	0	0	0	0	0	0	0	0	0	0	0	0	0	0	0	0	0	0	0	0	0	0	0	0	0	0	0	0	
14/03/2022 14:42:20	0	0	6	15.03	15.03	1.3	2412	1786	4.076	4.0766	19.2	0	False	4.193333	4.215	4.245	4.2	2.0656	0	4.117	4.117	86.2	-0.034	4.076	0	0	0	0	0	0	0	0	0	0	0	0	0	0	0	19.2	0	0	0	0	0	0	0	0	0	0	0	0	0	0	0	0	0	0	0	0	0	0	0	0	0	0	0	0	0	0	0	0	0	0	
14/03/2022 14:42:30	0	0	6	15.03	15.03	1.3	2416	1796	4.081	4.0818	19.4	0	False	4.196667	4.188334	4.266667	4.2	2.0773	0	4.117	4.117	86.8	-0.034	4.081	0	0	0	0	0	0	0	0	0	0	0	0	0	0	0	19.4	0	0	0	0	0	0	0	0	0	0	0	0	0	0	0	0	0	0	0	0	0	0	0	0	0	0	0	0	0	0	0	0	0	0	
14/03/2022 14:42:40	0	0	6	15.03	15.03	1.2	2414	1806	4.084	4.0849	19.1	0	False	4.196667	4.18	4.108333	4.2	2.0889	0	4.117	4.122	87.3	-0.046	4.084	0	0	0	0	0	0	0	0	0	0	0	0	0	0	0	19.1	0	0	0	0	0	0	0	0	0	0	0	0	0	0	0	0	0	0	0	0	0	0	0	0	0	0	0	0	0	0	0	0	0	0	
14/03/2022 14:42:50	0	0	6	15.03	15.03	1.3	2418	1816	4.088	4.0885	19.1	0	False	4.185	4.183333	4.191667	4.2	2.1005	0	4.117	4.128	87.6	-0.046	4.088	0	0	0	0	0	0	0	0	0	0	0	0	0	0	0	19.1	0	0	0	0	0	0	0	0	0	0	0	0	0	0	0	0	0	0	0	0	0	0	0	0	0	0	0	0	0	0	0	0	0	0	
14/03/2022 14:43:00	0	0	6	15.03	15.03	1.3	2418	1826	4.092	4.0922	19.1	0	False	4.185	4.198333	4.108333	4.2	2.1122	0	4.128	4.128	87.8	-0.034	4.092	0	0	0	0	0	0	0	0	0	0	0	0	0	0	0	19.1	0	0	0	0	0	0	0	0	0	0	0	0	0	0	0	0	0	0	0	0	0	0	0	0	0	0	0	0	0	0	0	0	0	0	
14/03/2022 14:43:10	0	0	6	15.03	15.03	1.3	2424	1836	4.095	4.096	19	0	False	4.19	4.185	4.273334	4.2	2.1239	0	4.128	4.13	88.4	-0.034	4.095	0	0	0	0	0	0	0	0	0	0	0	0	0	0	0	19	0	0	0	0	0	0	0	0	0	0	0	0	0	0	0	0	0	0	0	0	0	0	0	0	0	0	0	0	0	0	0	0	0	0	
14/03/2022 14:43:20	0	0	6	15.03	15.03	1.3	2422	1846	4.099	4.0998	19	0	False	4.186666	4.206666	4.135	4.2	2.1355	0	4.128	4.14	88.5	-0.034	4.099	0	0	0	0	0	0	0	0	0	0	0	0	0	0	0	19	0	0	0	0	0	0	0	0	0	0	0	0	0	0	0	0	0	0	0	0	0	0	0	0	0	0	0	0	0	0	0	0	0	0	
14/03/2022 14:43:30	0	0	6	15.03	15.03	1.3	2428	1856	4.102	4.1024	19.1	0	False	4.186666	4.188334	4.191667	4.2	2.1471	0	4.128	4.14	88.9	-0.023	4.102	0	0	0	0	0	0	0	0	0	0	0	0	0	0	0	19.1	0	0	0	0	0	0	0	0	0	0	0	0	0	0	0	0	0	0	0	0	0	0	0	0	0	0	0	0	0	0	0	0	0	0	
14/03/2022 14:43:40	0	0	6	15.03	15.03	1.3	2428	1866	4.105	4.106	19	0	False	4.2	4.201667	4.128334	4.2	2.1587	0	4.14	4.14	89.4	-0.034	4.105	0	0	0	0	0	0	0	0	0	0	0	0	0	0	0	19	0	0	0	0	0	0	0	0	0	0	0	0	0	0	0	0	0	0	0	0	0	0	0	0	0	0	0	0	0	0	0	0	0	0	
14/03/2022 14:43:50	0	0	6	15.03	15.03	1.3	2430	1876	4.108	4.1094	19	0	False	4.203333	4.188334	4.185	4.2	2.1704	0	4.14	4.145	89.6	-0.034	4.108	0	0	0	0	0	0	0	0	0	0	0	0	0	0	0	19	0	0	0	0	0	0	0	0	0	0	0	0	0	0	0	0	0	0	0	0	0	0	0	0	0	0	0	0	0	0	0	0	0	0	
14/03/2022 14:44:00	0	0	6	15.03	15.03	1.3	2430	1885	4.112	4.1127	18.9	0	False	4.19	4.181667	4.151667	4.2	2.1809	0	4.14	4.151	89.8	-0.034	4.112	0	0	0	0	0	0	0	0	0	0	0	0	0	0	0	18.9	0	0	0	0	0	0	0	0	0	0	0	0	0	0	0	0	0	0	0	0	0	0	0	0	0	0	0	0	0	0	0	0	0	0	
14/03/2022 14:44:10	0	0	6	15.03	15.03	1.3	2432	1895	4.115	4.116	18.9	0	False	4.195	4.21	4.2	4.2	2.1925	0	4.151	4.151	90.2	-0.034	4.115	0	0	0	0	0	0	0	0	0	0	0	0	0	0	0	18.9	0	0	0	0	0	0	0	0	0	0	0	0	0	0	0	0	0	0	0	0	0	0	0	0	0	0	0	0	0	0	0	0	0	0	
14/03/2022 14:44:20	0	0	6	15.03	15.03	1.3	2434	1905	4.118	4.1185	18.8	0	False	4.196667	4.175	4.161667	4.2	2.2042	0	4.151	4.157	90.6	-0.034	4.118	0	0	0	0	0	0	0	0	0	0	0	0	0	0	0	18.8	0	0	0	0	0	0	0	0	0	0	0	0	0	0	0	0	0	0	0	0	0	0	0	0	0	0	0	0	0	0	0	0	0	0	
14/03/2022 14:44:30	0	0	6	15.03	15.03	1.3	2436	1915	4.121	4.1223	18.8	0	False	4.193333	4.213333	4.245	4.2	2.2158	0	4.163	4.163	90.8	-0.046	4.121	0	0	0	0	0	0	0	0	0	0	0	0	0	0	0	18.8	0	0	0	0	0	0	0	0	0	0	0	0	0	0	0	0	0	0	0	0	0	0	0	0	0	0	0	0	0	0	0	0	0	0	
14/03/2022 14:44:40	0	0	6	15.03	15.03	1.3	2436	1925	4.124	4.1248	18.9	0	False	4.198333	4.195	4.19	4.2	2.2274	0	4.163	4.163	91.2	-0.046	4.124	0	0	0	0	0	0	0	0	0	0	0	0	0	0	0	18.9	0	0	0	0	0	0	0	0	0	0	0	0	0	0	0	0	0	0	0	0	0	0	0	0	0	0	0	0	0	0	0	0	0	0	
14/03/2022 14:44:50	0	0	6	15.03	15.03	1.3	2440	1935	4.126	4.1273	18.9	0	False	4.19	4.193333	4.281667	4.2	2.2391	0	4.163	4.163	91.4	-0.034	4.126	0	0	0	0	0	0	0	0	0	0	0	0	0	0	0	18.9	0	0	0	0	0	0	0	0	0	0	0	0	0	0	0	0	0	0	0	0	0	0	0	0	0	0	0	0	0	0	0	0	0	0	
14/03/2022 14:45:00	0	0	6	15.03	15.03	1.3	2440	1945	4.128	4.1294	18.9	0	False	4.19	4.195	4.228333	4.2	2.2507	0	4.163	4.164	91.6	-0.034	4.128	0	0	0	0	0	0	0	0	0	0	0	0	0	0	0	18.9	0	0	0	0	0	0	0	0	0	0	0	0	0	0	0	0	0	0	0	0	0	0	0	0	0	0	0	0	0	0	0	0	0	0	
14/03/2022 14:45:10	0	0	6	15.03	15.03	1.3	2442	1955	4.131	4.1315	18.9	0	False	4.2	4.198333	4.2	4.2	2.2624	0	4.163	4.174	91.7	-0.034	4.131	0	0	0	0	0	0	0	0	0	0	0	0	0	0	0	18.9	0	0	0	0	0	0	0	0	0	0	0	0	0	0	0	0	0	0	0	0	0	0	0	0	0	0	0	0	0	0	0	0	0	0	
14/03/2022 14:45:20	0	0	6	15.03	15.03	1.3	2442	1965	4.133	4.1335	18.9	0	False	4.188334	4.173333	4.173333	4.2	2.274	0	4.163	4.174	92.2	-0.046	4.133	0	0	0	0	0	0	0	0	0	0	0	0	0	0	0	18.9	0	0	0	0	0	0	0	0	0	0	0	0	0	0	0	0	0	0	0	0	0	0	0	0	0	0	0	0	0	0	0	0	0	0	
14/03/2022 14:45:30	0	0	6	15.03	15.03	1.3	2444	1975	4.134	4.1355	18.9	0	False	4.185	4.19	4.255	4.2	2.2856	0	4.174	4.174	92.3	-0.034	4.134	0	0	0	0	0	0	0	0	0	0	0	0	0	0	0	18.9	0	0	0	0	0	0	0	0	0	0	0	0	0	0	0	0	0	0	0	0	0	0	0	0	0	0	0	0	0	0	0	0	0	0	
14/03/2022 14:45:40	0	0	6	15.03	15.03	1.3	2444	1985	4.137	4.1373	18.9	0	False	4.185	4.166667	4.223333	4.2	2.2972	0	4.174	4.174	92.5	-0.034	4.137	0	0	0	0	0	0	0	0	0	0	0	0	0	0	0	18.9	0	0	0	0	0	0	0	0	0	0	0	0	0	0	0	0	0	0	0	0	0	0	0	0	0	0	0	0	0	0	0	0	0	0	
14/03/2022 14:45:50	0	0	6	15.03	15.03	1.3	2446	1995	4.138	4.1387	18.9	0	False	4.198333	4.188334	4.178333	4.2	2.3089	0	4.174	4.176	92.5	-0.034	4.138	0	0	0	0	0	0	0	0	0	0	0	0	0	0	0	18.9	0	0	0	0	0	0	0	0	0	0	0	0	0	0	0	0	0	0	0	0	0	0	0	0	0	0	0	0	0	0	0	0	0	0	
14/03/2022 14:46:00	0	0	6	15.03	15.03	1.3	2446	2005	4.14	4.141	19.1	0	False	4.186666	4.18	4.178333	4.2	2.3205	0	4.174	4.18	92.8	-0.034	4.14	0	0	0	0	0	0	0	0	0	0	0	0	0	0	0	19.1	0	0	0	0	0	0	0	0	0	0	0	0	0	0	0	0	0	0	0	0	0	0	0	0	0	0	0	0	0	0	0	0	0	0	
14/03/2022 14:46:10	0	0	6	15.03	15.03	1.3	2446	2015	4.142	4.1423	19	0	False	4.186666	4.193333	4.135	4.2	2.3321	0	4.174	4.186	92.8	-0.034	4.142	0	0	0	0	0	0	0	0	0	0	0	0	0	0	0	19	0	0	0	0	0	0	0	0	0	0	0	0	0	0	0	0	0	0	0	0	0	0	0	0	0	0	0	0	0	0	0	0	0	0	
14/03/2022 14:46:20	0	0	6	15.03	15.03	1.3	2446	2025	4.143	4.1437	19.2	0	False	4.19	4.215	4.128334	4.2	2.3438	0	4.174	4.186	93.1	-0.034	4.143	0	0	0	0	0	0	0	0	0	0	0	0	0	0	0	19.2	0	0	0	0	0	0	0	0	0	0	0	0	0	0	0	0	0	0	0	0	0	0	0	0	0	0	0	0	0	0	0	0	0	0	
14/03/2022 14:46:30	0	0	6	15.03	15.03	1.3	2446	2035	4.144	4.1455	19.2	0	False	4.2	4.201667	4.096667	4.2	2.3555	0	4.186	4.186	93.2	-0.034	4.144	0	0	0	0	0	0	0	0	0	0	0	0	0	0	0	19.2	0	0	0	0	0	0	0	0	0	0	0	0	0	0	0	0	0	0	0	0	0	0	0	0	0	0	0	0	0	0	0	0	0	0	
14/03/2022 14:46:40	0	0	6	15.03	15.03	1.3	2446	2045	4.145	4.1463	19.3	0	False	4.198333	4.185	4.205	4.2	2.3671	0	4.174	4.186	93.4	-0.046	4.145	0	0	0	0	0	0	0	0	0	0	0	0	0	0	0	19.3	0	0	0	0	0	0	0	0	0	0	0	0	0	0	0	0	0	0	0	0	0	0	0	0	0	0	0	0	0	0	0	0	0	0	
14/03/2022 14:46:50	0	0	6	15.03	15.03	1.3	2450	2055	4.147	4.1477	19.1	0	False	4.188334	4.176667	4.178333	4.2	2.3787	0	4.174	4.186	93.5	-0.046	4.147	0	0	0	0	0	0	0	0	0	0	0	0	0	0	0	19.1	0	0	0	0	0	0	0	0	0	0	0	0	0	0	0	0	0	0	0	0	0	0	0	0	0	0	0	0	0	0	0	0	0	0	
14/03/2022 14:47:00	0	0	6	15.03	15.03	1.3	2450	2064	4.149	4.1498	19.1	0	False	4.191667	4.185	4.163333	4.2	2.3893	0	4.186	4.186	93.5	-0.034	4.149	0	0	0	0	0	0	0	0	0	0	0	0	0	0	0	19.1	0	0	0	0	0	0	0	0	0	0	0	0	0	0	0	0	0	0	0	0	0	0	0	0	0	0	0	0	0	0	0	0	0	0	
14/03/2022 14:47:10	0	0	6	15.03	15.03	1.3	2450	2074	4.15	4.151	19.1	0	False	4.193333	4.18	4.151667	4.2	2.4009	0	4.186	4.186	93.7	-0.034	4.15	0	0	0	0	0	0	0	0	0	0	0	0	0	0	0	19.1	0	0	0	0	0	0	0	0	0	0	0	0	0	0	0	0	0	0	0	0	0	0	0	0	0	0	0	0	0	0	0	0	0	0	
14/03/2022 14:47:20	0	0	6	15.03	15.03	1.3	2454	2084	4.151	4.1523	19.1	0	False	4.193333	4.201667	4.228333	4.2	2.4125	0	4.186	4.187	93.8	-0.034	4.151	0	0	0	0	0	0	0	0	0	0	0	0	0	0	0	19.1	0	0	0	0	0	0	0	0	0	0	0	0	0	0	0	0	0	0	0	0	0	0	0	0	0	0	0	0	0	0	0	0	0	0	
14/03/2022 14:47:30	0	0	6	15.03	15.03	1.3	2454	2094	4.153	4.1535	19.2	0	False	4.205	4.205	4.19	4.2	2.4243	0	4.186	4.197	93.8	-0.034	4.153	0	0	0	0	0	0	0	0	0	0	0	0	0	0	0	19.2	0	0	0	0	0	0	0	0	0	0	0	0	0	0	0	0	0	0	0	0	0	0	0	0	0	0	0	0	0	0	0	0	0	0	
14/03/2022 14:47:40	0	0	6	15.03	15.03	1.3	2452	2104	4.154	4.1548	19.1	0	False	4.196667	4.198333	4.196667	4.2	2.4359	0	4.186	4.197	94.1	-0.034	4.154	0	0	0	0	0	0	0	0	0	0	0	0	0	0	0	19.1	0	0	0	0	0	0	0	0	0	0	0	0	0	0	0	0	0	0	0	0	0	0	0	0	0	0	0	0	0	0	0	0	0	0	
14/03/2022 14:47:50	0	0	6	15.03	15.03	1.3	2456	2114	4.155	4.156	19.2	0	False	4.186666	4.2	4.276667	4.2	2.4475	0	4.186	4.197	94.4	-0.034	4.155	0	0	0	0	0	0	0	0	0	0	0	0	0	0	0	19.2	0	0	0	0	0	0	0	0	0	0	0	0	0	0	0	0	0	0	0	0	0	0	0	0	0	0	0	0	0	0	0	0	0	0	
14/03/2022 14:48:00	0	0	6	15.03	15.03	1.3	2456	2124	4.157	4.1573	19.2	0	False	4.195	4.21	4.235	4.2	2.4592	0	4.197	4.197	94.5	-0.046	4.157	0	0	0	0	0	0	0	0	0	0	0	0	0	0	0	19.2	0	0	0	0	0	0	0	0	0	0	0	0	0	0	0	0	0	0	0	0	0	0	0	0	0	0	0	0	0	0	0	0	0	0	
14/03/2022 14:48:10	0	0	6	15.03	15.03	1.3	2456	2134	4.158	4.1585	19.2	0	False	4.2	4.208333	4.211667	4.2	2.4709	0	4.197	4.197	94.6	-0.046	4.158	0	0	0	0	0	0	0	0	0	0	0	0	0	0	0	19.2	0	0	0	0	0	0	0	0	0	0	0	0	0	0	0	0	0	0	0	0	0	0	0	0	0	0	0	0	0	0	0	0	0	0	
14/03/2022 14:48:20	0	0	6	15.03	15.03	1.3	2456	2144	4.159	4.1598	19.1	0	False	4.211667	4.22	4.213333	4.2	2.4826	0	4.197	4.197	94.6	-0.034	4.159	0	0	0	0	0	0	0	0	0	0	0	0	0	0	0	19.1	0	0	0	0	0	0	0	0	0	0	0	0	0	0	0	0	0	0	0	0	0	0	0	0	0	0	0	0	0	0	0	0	0	0	
14/03/2022 14:48:30	0	0	6	15.03	15.03	1.3	2458	2154	4.16	4.161	19.1	0	False	4.201667	4.193333	4.205	4.2	2.4943	0	4.197	4.197	94.8	-0.034	4.16	0	0	0	0	0	0	0	0	0	0	0	0	0	0	0	19.1	0	0	0	0	0	0	0	0	0	0	0	0	0	0	0	0	0	0	0	0	0	0	0	0	0	0	0	0	0	0	0	0	0	0	
14/03/2022 14:48:40	0	0	6	15.03	15.03	1.3	2458	2164	4.162	4.1623	19.2	0	False	4.186666	4.185	4.173333	4.2	2.5059	0	4.197	4.197	95	-0.034	4.162	0	0	0	0	0	0	0	0	0	0	0	0	0	0	0	19.2	0	0	0	0	0	0	0	0	0	0	0	0	0	0	0	0	0	0	0	0	0	0	0	0	0	0	0	0	0	0	0	0	0	0	
14/03/2022 14:48:50	0	0	6	15.03	15.03	1.3	2460	2174	4.163	4.1637	19.1	0	False	4.186666	4.186666	4.266667	4.2	2.5175	0	4.197	4.2	95.2	-0.046	4.163	0	0	0	0	0	0	0	0	0	0	0	0	0	0	0	19.1	0	0	0	0	0	0	0	0	0	0	0	0	0	0	0	0	0	0	0	0	0	0	0	0	0	0	0	0	0	0	0	0	0	0	
14/03/2022 14:49:00	0	0	6	15.03	15.03	1.3	2458	2184	4.164	4.1649	19.2	0	False	4.191667	4.22	4.141667	4.2	2.5292	0	4.197	4.202	95.2	-0.034	4.164	0	0	0	0	0	0	0	0	0	0	0	0	0	0	0	19.2	0	0	0	0	0	0	0	0	0	0	0	0	0	0	0	0	0	0	0	0	0	0	0	0	0	0	0	0	0	0	0	0	0	0	
14/03/2022 14:49:10	0	0	6	15.03	15.03	1.3	2460	2194	4.166	4.1666	19.1	0	False	4.193333	4.195	4.218333	4.2	2.5408	0	4.197	4.209	95.3	-0.034	4.166	0	0	0	0	0	0	0	0	0	0	0	0	0	0	0	19.1	0	0	0	0	0	0	0	0	0	0	0	0	0	0	0	0	0	0	0	0	0	0	0	0	0	0	0	0	0	0	0	0	0	0	
14/03/2022 14:49:20	0	0	6	15.03	15.03	1.3	2462	2204	4.168	4.1685	19.3	0	False	4.2	4.196667	4.085	4.2	2.5525	0	4.209	4.209	95.4	-0.034	4.168	0	0	0	0	0	0	0	0	0	0	0	0	0	0	0	19.3	0	0	0	0	0	0	0	0	0	0	0	0	0	0	0	0	0	0	0	0	0	0	0	0	0	0	0	0	0	0	0	0	0	0	
14/03/2022 14:49:30	0	0	6	15.03	15.03	1.3	2460	2214	4.169	4.1698	19.1	0	False	4.186666	4.183333	4.063334	4.2	2.5641	0	4.209	4.209	95.6	-0.034	4.169	0	0	0	0	0	0	0	0	0	0	0	0	0	0	0	19.1	0	0	0	0	0	0	0	0	0	0	0	0	0	0	0	0	0	0	0	0	0	0	0	0	0	0	0	0	0	0	0	0	0	0	
14/03/2022 14:49:40	0	0	6	15.03	15.03	1.3	2462	2224	4.171	4.1721	19.1	0	False	4.193333	4.241667	4.29	4.2	2.5758	0	4.209	4.209	95.7	-0.034	4.171	0	0	0	0	0	0	0	0	0	0	0	0	0	0	0	19.1	0	0	0	0	0	0	0	0	0	0	0	0	0	0	0	0	0	0	0	0	0	0	0	0	0	0	0	0	0	0	0	0	0	0	
14/03/2022 14:49:50	0	0	6	15.03	15.03	1.3	2462	2234	4.173	4.1735	19.2	0	False	4.203333	4.221667	4.25	4.2	2.5874	0	4.209	4.209	95.8	-0.034	4.173	0	0	0	0	0	0	0	0	0	0	0	0	0	0	0	19.2	0	0	0	0	0	0	0	0	0	0	0	0	0	0	0	0	0	0	0	0	0	0	0	0	0	0	0	0	0	0	0	0	0	0	
14/03/2022 14:50:00	0	0	6	15.03	15.03	1.3	2466	2243	4.174	4.1748	19.1	0	False	4.211667	4.211667	4.245	4.2	2.5979	0	4.209	4.219	96.2	-0.034	4.174	0	0	0	0	0	0	0	0	0	0	0	0	0	0	0	19.1	0	0	0	0	0	0	0	0	0	0	0	0	0	0	0	0	0	0	0	0	0	0	0	0	0	0	0	0	0	0	0	0	0	0	
14/03/2022 14:50:10	0	0	6	15.03	15.03	1.3	2464	2253	4.175	4.1762	19.1	0	False	4.206666	4.19	4.19	4.2	2.6096	0	4.209	4.22	96.3	-0.046	4.175	0	0	0	0	0	0	0	0	0	0	0	0	0	0	0	19.1	0	0	0	0	0	0	0	0	0	0	0	0	0	0	0	0	0	0	0	0	0	0	0	0	0	0	0	0	0	0	0	0	0	0	
14/03/2022 14:50:20	0	0	6	15.03	15.03	1.3	2466	2263	4.178	4.1785	19.1	0	False	4.193333	4.191667	4.155	4.2	2.6213	0	4.22	4.22	96.4	-0.046	4.178	0	0	0	0	0	0	0	0	0	0	0	0	0	0	0	19.1	0	0	0	0	0	0	0	0	0	0	0	0	0	0	0	0	0	0	0	0	0	0	0	0	0	0	0	0	0	0	0	0	0	0	
14/03/2022 14:50:30	0	0	6	15.03	15.03	1.3	2468	2273	4.179	4.1798	19.1	0	False	4.19	4.198333	4.235	4.2	2.633	0	4.22	4.22	96.7	-0.046	4.179	0	0	0	0	0	0	0	0	0	0	0	0	0	0	0	19.1	0	0	0	0	0	0	0	0	0	0	0	0	0	0	0	0	0	0	0	0	0	0	0	0	0	0	0	0	0	0	0	0	0	0	
14/03/2022 14:50:40	0	0	6	15.03	15.03	1.3	2468	2283	4.182	4.1823	19	0	False	4.193333	4.205	4.205	4.2	2.6446	0	4.22	4.22	96.7	-0.046	4.182	0	0	0	0	0	0	0	0	0	0	0	0	0	0	0	19	0	0	0	0	0	0	0	0	0	0	0	0	0	0	0	0	0	0	0	0	0	0	0	0	0	0	0	0	0	0	0	0	0	0	
14/03/2022 14:50:50	0	0	6	15.03	15.03	1.3	2470	2293	4.183	4.1835	19.1	0	False	4.191667	4.191667	4.178333	4.2	2.6563	0	4.22	4.222	97.2	-0.034	4.183	0	0	0	0	0	0	0	0	0	0	0	0	0	0	0	19.1	0	0	0	0	0	0	0	0	0	0	0	0	0	0	0	0	0	0	0	0	0	0	0	0	0	0	0	0	0	0	0	0	0	0	
14/03/2022 14:51:00	0	0	6	15.03	15.03	1.3	2472	2303	4.185	4.186	19.1	0	False	4.181667	4.18	4.235	4.2	2.6679	0	4.22	4.232	97.4	-0.034	4.185	0	0	0	0	0	0	0	0	0	0	0	0	0	0	0	19.1	0	0	0	0	0	0	0	0	0	0	0	0	0	0	0	0	0	0	0	0	0	0	0	0	0	0	0	0	0	0	0	0	0	0	
14/03/2022 14:51:10	0	0	6	15.03	15.03	1.3	2472	2313	4.187	4.1884	19.1	0	False	4.181667	4.175	4.223333	4.2	2.6795	0	4.22	4.232	97.5	-0.034	4.187	0	0	0	0	0	0	0	0	0	0	0	0	0	0	0	19.1	0	0	0	0	0	0	0	0	0	0	0	0	0	0	0	0	0	0	0	0	0	0	0	0	0	0	0	0	0	0	0	0	0	0	
14/03/2022 14:51:20	0	0	6	15.03	15.03	1.3	2474	2323	4.19	4.191	19	0	False	4.195	4.195	4.185	4.2	2.6912	0	4.232	4.232	97.7	-0.046	4.19	0	0	0	0	0	0	0	0	0	0	0	0	0	0	0	19	0	0	0	0	0	0	0	0	0	0	0	0	0	0	0	0	0	0	0	0	0	0	0	0	0	0	0	0	0	0	0	0	0	0	
14/03/2022 14:51:30	0	0	6	15.03	15.03	1.3	2474	2333	4.193	4.1935	19.1	0	False	4.196667	4.226666	4.155	4.2	2.7029	0	4.232	4.232	97.8	-0.046	4.193	0	0	0	0	0	0	0	0	0	0	0	0	0	0	0	19.1	0	0	0	0	0	0	0	0	0	0	0	0	0	0	0	0	0	0	0	0	0	0	0	0	0	0	0	0	0	0	0	0	0	0	
14/03/2022 14:51:40	0	0	6	15.03	15.03	1.3	2474	2343	4.194	4.1954	19.1	0	False	4.203333	4.181667	4.108333	4.2	2.7146	0	4.232	4.234	98.2	-0.034	4.194	0	0	0	0	0	0	0	0	0	0	0	0	0	0	0	19.1	0	0	0	0	0	0	0	0	0	0	0	0	0	0	0	0	0	0	0	0	0	0	0	0	0	0	0	0	0	0	0	0	0	0	
14/03/2022 14:51:50	0	0	6	15.03	15.03	1.3	2478	2353	4.197	4.1985	19.1	0	False	4.198333	4.19	4.173333	4.2	2.7262	0	4.243	4.243	98.4	-0.046	4.197	0	0	0	0	0	0	0	0	0	0	0	0	0	0	0	19.1	0	0	0	0	0	0	0	0	0	0	0	0	0	0	0	0	0	0	0	0	0	0	0	0	0	0	0	0	0	0	0	0	0	0	
14/03/2022 14:52:00	0	0	6	15.03	15.03	1.3	2480	2363	4.2	4.201	19.1	0	False	4.191667	4.181667	4.25	4.2	2.7379	0	4.232	4.243	98.8	-0.046	4.2	0	0	0	0	0	0	0	0	0	0	0	0	0	0	0	19.1	0	0	0	0	0	0	0	0	0	0	0	0	0	0	0	0	0	0	0	0	0	0	0	0	0	0	0	0	0	0	0	0	0	0	
14/03/2022 14:52:10	0	0	6	15.03	15.03	1.3	2482	2373	4.203	4.2037	19.1	0	False	4.198333	4.196667	4.09	4.2	2.7495	0	4.232	4.243	99.1	-0.046	4.203	0	0	0	0	0	0	0	0	0	0	0	0	0	0	0	19.1	0	0	0	0	0	0	0	0	0	0	0	0	0	0	0	0	0	0	0	0	0	0	0	0	0	0	0	0	0	0	0	0	0	0	
14/03/2022 14:52:20	0	0	6	15.03	15.03	1.3	2480	2383	4.206	4.2073	19.1	0	False	4.183333	4.151667	4.135	4.2	2.7611	0	4.243	4.243	99.4	-0.034	4.206	0	0	0	0	0	0	0	0	0	0	0	0	0	0	0	19.1	0	0	0	0	0	0	0	0	0	0	0	0	0	0	0	0	0	0	0	0	0	0	0	0	0	0	0	0	0	0	0	0	0	0	
14/03/2022 14:52:30	0	0	6	15.03	15.03	1.2	2470	2393	4.208	4.2092	19.2	0	True	4.153333	3.99	3.781667	4.2	2.7725	0	4.243	4.247	99.6	-0.034	4.208	0	0	0	0	0	0	0	0	0	0	0	0	0	0	0	19.2	0	0	0	0	0	0	0	0	0	0	0	0	0	0	0	0	0	0	0	0	0	0	0	0	0	0	0	0	0	0	0	0	0	0	
14/03/2022 14:52:40	0	0	6	15.02	15.03	1.1	2462	2403	4.208	4.2085	19.2	0	True	3.938333	3.563333	3.561667	4.2	2.7826	0	4.243	4.254	99.7	-0.034	4.208	0	0	0	0	0	0	0	0	0	0	0	0	0	0	0	19.2	0	0	0	0	0	0	0	0	0	0	0	0	0	0	0	0	0	0	0	0	0	0	0	0	0	0	0	0	0	0	0	0	0	0	
14/03/2022 14:52:50	0	0	6	15.02	15.03	1	2448	2413	4.208	4.2085	19.2	0	True	3.705	3.256667	3.22	4.2	2.7921	0	4.243	4.254	99.8	-0.034	4.208	0	0	0	0	0	0	0	0	0	0	0	0	0	0	0	19.2	0	0	0	0	0	0	0	0	0	0	0	0	0	0	0	0	0	0	0	0	0	0	0	0	0	0	0	0	0	0	0	0	0	0	
14/03/2022 14:53:00	0	0	6	15.02	15.03	1	2446	2422	4.208	4.2085	19.2	0	True	3.473333	3.133333	3.11	4.2	2.8001	0	4.243	4.254	100	-0.046	4.208	0	0	0	0	0	0	0	0	0	0	0	0	0	0	0	19.2	0	0	0	0	0	0	0	0	0	0	0	0	0	0	0	0	0	0	0	0	0	0	0	0	0	0	0	0	0	0	0	0	0	0	
14/03/2022 14:53:10	0	0	6	15.02	15.03	0.9	2438	2432	4.208	4.2085	19.2	0	True	3.286667	2.92	2.868333	4.2	2.8084	0	4.254	4.254	100	-0.046	4.208	0	0	0	0	0	0	0	0	0	0	0	0	0	0	0	19.2	0	0	0	0	0	0	0	0	0	0	0	0	0	0	0	0	0	0	0	0	0	0	0	0	0	0	0	0	0	0	0	0	0	0	
14/03/2022 14:53:20	0	0	6	15.02	15.03	0.8	2428	2442	4.208	4.2085	19.2	0	True	3.083333	2.741667	2.665	4.2	2.8163	0	4.243	4.254	100	-0.046	4.208	0	0	0	0	0	0	0	0	0	0	0	0	0	0	0	19.2	0	0	0	0	0	0	0	0	0	0	0	0	0	0	0	0	0	0	0	0	0	0	0	0	0	0	0	0	0	0	0	0	0	0	
14/03/2022 14:53:30	0	0	6	15.01	15.03	0.8	2428	2452	4.208	4.2085	19.2	0	True	2.89	2.65	2.641667	4.2	2.8237	0	4.243	4.254	100	-0.034	4.208	0	0	0	0	0	0	0	0	0	0	0	0	0	0	0	19.2	0	0	0	0	0	0	0	0	0	0	0	0	0	0	0	0	0	0	0	0	0	0	0	0	0	0	0	0	0	0	0	0	0	0	
14/03/2022 14:53:40	0	0	6	15.02	15.03	0.8	2424	2462	4.208	4.2087	19.2	0	True	2.755	2.528333	2.516667	4.2	2.8308	0	4.243	4.254	100	-0.034	4.208	0	0	0	0	0	0	0	0	0	0	0	0	0	0	0	19.2	0	0	0	0	0	0	0	0	0	0	0	0	0	0	0	0	0	0	0	0	0	0	0	0	0	0	0	0	0	0	0	0	0	0	
14/03/2022 14:53:50	0	0	6	15.01	15.03	0.7	2414	2472	4.208	4.2085	19.2	0	True	2.573333	2.226667	2.223333	4.2	2.8373	0	4.243	4.254	100	-0.034	4.208	0	0	0	0	0	0	0	0	0	0	0	0	0	0	0	19.2	0	0	0	0	0	0	0	0	0	0	0	0	0	0	0	0	0	0	0	0	0	0	0	0	0	0	0	0	0	0	0	0	0	0	
14/03/2022 14:54:00	0	0	6	15.02	15.03	0.7	2414	2482	4.208	4.2085	19.2	0	True	2.411667	2.22	2.23	4.2	2.8435	0	4.243	4.254	100	-0.034	4.208	0	0	0	0	0	0	0	0	0	0	0	0	0	0	0	19.2	0	0	0	0	0	0	0	0	0	0	0	0	0	0	0	0	0	0	0	0	0	0	0	0	0	0	0	0	0	0	0	0	0	0	
14/03/2022 14:54:10	0	0	6	15.02	15.03	0.7	2410	2492	4.208	4.2087	19.2	0	True	2.316667	2.135	2.135	4.2	2.8496	0	4.243	4.254	100	-0.034	4.208	0	0	0	0	0	0	0	0	0	0	0	0	0	0	0	19.2	0	0	0	0	0	0	0	0	0	0	0	0	0	0	0	0	0	0	0	0	0	0	0	0	0	0	0	0	0	0	0	0	0	0	
14/03/2022 14:54:20	0	0	6	15.01	15.03	0.6	2402	2502	4.208	4.2087	19.2	0	True	2.201667	2.015	1.955	4.2	2.8553	0	4.243	4.254	100	-0.034	4.208	0	0	0	0	0	0	0	0	0	0	0	0	0	0	0	19.2	0	0	0	0	0	0	0	0	0	0	0	0	0	0	0	0	0	0	0	0	0	0	0	0	0	0	0	0	0	0	0	0	0	0	
14/03/2022 14:54:30	0	0	6	15.01	15.03	0.6	2398	2512	4.208	4.2085	19.2	0	True	2.08	1.876667	1.876667	4.2	2.8606	0	4.243	4.252	100	-0.034	4.208	0	0	0	0	0	0	0	0	0	0	0	0	0	0	0	19.2	0	0	0	0	0	0	0	0	0	0	0	0	0	0	0	0	0	0	0	0	0	0	0	0	0	0	0	0	0	0	0	0	0	0	
14/03/2022 14:54:40	0	0	6	15.01	15.03	0.6	2396	2522	4.208	4.2087	19.2	0	True	1.988333	1.87	1.865	4.2	2.8659	0	4.243	4.253	100	-0.034	4.208	0	0	0	0	0	0	0	0	0	0	0	0	0	0	0	19.2	0	0	0	0	0	0	0	0	0	0	0	0	0	0	0	0	0	0	0	0	0	0	0	0	0	0	0	0	0	0	0	0	0	0	
14/03/2022 14:54:50	0	0	6	15.01	15.03	0.5	2378	2532	4.208	4.2093	19.2	0	True	1.89	1.646667	1.568333	4.2	2.8707	0	4.254	4.254	100	-0.034	4.208	0	0	0	0	0	0	0	0	0	0	0	0	0	0	0	19.2	0	0	0	0	0	0	0	0	0	0	0	0	0	0	0	0	0	0	0	0	0	0	0	0	0	0	0	0	0	0	0	0	0	0	
14/03/2022 14:55:00	0	0	6	15.01	15.03	0.5	2378	2542	4.208	4.2085	19.2	0	True	1.748333	1.573333	1.558333	4.2	2.8751	0	4.243	4.254	100	-0.034	4.208	0	0	0	0	0	0	0	0	0	0	0	0	0	0	0	19.2	0	0	0	0	0	0	0	0	0	0	0	0	0	0	0	0	0	0	0	0	0	0	0	0	0	0	0	0	0	0	0	0	0	0	
14/03/2022 14:55:10	0	0	6	15.01	15.03	0.5	2378	2552	4.208	4.2085	19.2	0	True	1.67	1.58	1.585	4.2	2.8795	0	4.243	4.254	100	-0.034	4.208	0	0	0	0	0	0	0	0	0	0	0	0	0	0	0	19.2	0	0	0	0	0	0	0	0	0	0	0	0	0	0	0	0	0	0	0	0	0	0	0	0	0	0	0	0	0	0	0	0	0	0	
14/03/2022 14:55:20	0	0	6	15	15.03	0.4	2366	2562	4.208	4.2085	19.2	0	True	1.6	1.411667	1.373333	4.2	2.8837	0	4.243	4.254	100	-0.034	4.208	0	0	0	0	0	0	0	0	0	0	0	0	0	0	0	19.2	0	0	0	0	0	0	0	0	0	0	0	0	0	0	0	0	0	0	0	0	0	0	0	0	0	0	0	0	0	0	0	0	0	0	
14/03/2022 14:55:30	0	0	6	15.01	15.03	0.4	2366	2572	4.208	4.2085	19.2	0	True	1.505	1.391667	1.391667	4.2	2.8875	0	4.243	4.254	100	-0.034	4.208	0	0	0	0	0	0	0	0	0	0	0	0	0	0	0	19.2	0	0	0	0	0	0	0	0	0	0	0	0	0	0	0	0	0	0	0	0	0	0	0	0	0	0	0	0	0	0	0	0	0	0	
14/03/2022 14:55:40	0	0	6	15.01	15.03	0.4	2362	2582	4.208	4.2087	19.2	0	True	1.451667	1.38	1.38	4.2	2.8914	0	4.243	4.254	100	-0.034	4.208	0	0	0	0	0	0	0	0	0	0	0	0	0	0	0	19.2	0	0	0	0	0	0	0	0	0	0	0	0	0	0	0	0	0	0	0	0	0	0	0	0	0	0	0	0	0	0	0	0	0	0	
14/03/2022 14:55:50	0	0	6	15.01	15.03	0.4	2358	2592	4.208	4.2085	19.2	0	True	1.373333	1.256667	1.276667	4.2	2.8949	0	4.243	4.254	100	-0.034	4.208	0	0	0	0	0	0	0	0	0	0	0	0	0	0	0	19.2	0	0	0	0	0	0	0	0	0	0	0	0	0	0	0	0	0	0	0	0	0	0	0	0	0	0	0	0	0	0	0	0	0	0	
14/03/2022 14:56:00	0	0	6	15	15.03	0.4	2354	2601	4.208	4.2085	19.2	0	True	1.311667	1.178333	1.183333	4.2	2.8979	0	4.243	4.254	100	-0.034	4.208	0	0	0	0	0	0	0	0	0	0	0	0	0	0	0	19.2	0	0	0	0	0	0	0	0	0	0	0	0	0	0	0	0	0	0	0	0	0	0	0	0	0	0	0	0	0	0	0	0	0	0	
14/03/2022 14:56:10	0	0	6	15.01	15.03	0.3	2348	2611	4.208	4.2088	19.2	0	True	1.246667	1.11	1.095	4.2	2.9011	0	4.243	4.254	100	-0.034	4.208	0	0	0	0	0	0	0	0	0	0	0	0	0	0	0	19.2	0	0	0	0	0	0	0	0	0	0	0	0	0	0	0	0	0	0	0	0	0	0	0	0	0	0	0	0	0	0	0	0	0	0	
14/03/2022 14:56:20	0	0	6	15.01	15.03	0.3	2344	2621	4.208	4.2085	19.2	0	True	1.158333	1.033333	1.035	4.2	2.904	0	4.243	4.254	100	-0.034	4.208	0	0	0	0	0	0	0	0	0	0	0	0	0	0	0	19.2	0	0	0	0	0	0	0	0	0	0	0	0	0	0	0	0	0	0	0	0	0	0	0	0	0	0	0	0	0	0	0	0	0	0	
14/03/2022 14:56:30	0	0	6	15	15.03	0.3	2344	2631	4.208	4.2085	19.2	0	True	1.103333	1.023333	1.023333	4.2	2.9068	0	4.243	4.254	100	-0.034	4.208	0	0	0	0	0	0	0	0	0	0	0	0	0	0	0	19.2	0	0	0	0	0	0	0	0	0	0	0	0	0	0	0	0	0	0	0	0	0	0	0	0	0	0	0	0	0	0	0	0	0	0	
14/03/2022 14:56:40	0	0	6	15	15.03	0.3	2342	2641	4.208	4.2085	19.2	0	True	1.053333	0.9416667	0.9666666	4.2	2.9096	0	4.243	4.254	100	-0.034	4.208	0	0	0	0	0	0	0	0	0	0	0	0	0	0	0	19.2	0	0	0	0	0	0	0	0	0	0	0	0	0	0	0	0	0	0	0	0	0	0	0	0	0	0	0	0	0	0	0	0	0	0	
14/03/2022 14:56:50	0	0	6	15	15.03	0.3	2342	2651	4.208	4.2085	19.2	0	True	1.006667	0.9383333	0.935	4.2	2.9122	0	4.243	4.254	100	-0.034	4.208	0	0	0	0	0	0	0	0	0	0	0	0	0	0	0	19.2	0	0	0	0	0	0	0	0	0	0	0	0	0	0	0	0	0	0	0	0	0	0	0	0	0	0	0	0	0	0	0	0	0	0	
14/03/2022 14:57:00	0	0	6	15	15.03	0.3	2336	2661	4.208	4.2085	19.2	0	True	0.9566666	0.8583333	0.8516667	4.2	2.9147	0	4.243	4.254	100	-0.034	4.208	0	0	0	0	0	0	0	0	0	0	0	0	0	0	0	19.2	0	0	0	0	0	0	0	0	0	0	0	0	0	0	0	0	0	0	0	0	0	0	0	0	0	0	0	0	0	0	0	0	0	0	
14/03/2022 14:57:10	0	0	6	15	15.03	0.2	2334	2671	4.208	4.2085	19.2	0	True	0.8816667	0.77	0.785	4.2	2.9169	0	4.243	4.254	100	-0.034	4.208	0	0	0	0	0	0	0	0	0	0	0	0	0	0	0	19.2	0	0	0	0	0	0	0	0	0	0	0	0	0	0	0	0	0	0	0	0	0	0	0	0	0	0	0	0	0	0	0	0	0	0	
14/03/2022 14:57:20	0	0	6	15	15.03	0.2	2334	2681	4.208	4.2085	19.2	0	True	0.8383333	0.765	0.7633333	4.2	2.919	0	4.243	4.252	100	-0.034	4.208	0	0	0	0	0	0	0	0	0	0	0	0	0	0	0	19.2	0	0	0	0	0	0	0	0	0	0	0	0	0	0	0	0	0	0	0	0	0	0	0	0	0	0	0	0	0	0	0	0	0	0	
14/03/2022 14:57:30	0	0	6	15	15.03	0.2	2334	2691	4.208	4.2085	19.2	0	True	0.8133333	0.7633333	0.7633333	4.2	2.9212	0	4.243	4.251	100	-0.034	4.208	0	0	0	0	0	0	0	0	0	0	0	0	0	0	0	19.2	0	0	0	0	0	0	0	0	0	0	0	0	0	0	0	0	0	0	0	0	0	0	0	0	0	0	0	0	0	0	0	0	0	0	
14/03/2022 14:57:40	0	0	6	15	15.03	0.2	2328	2701	4.208	4.2085	19.2	0	True	0.795	0.73	0.6866667	4.2	2.9233	0	4.243	4.25	100	-0.034	4.208	0	0	0	0	0	0	0	0	0	0	0	0	0	0	0	19.2	0	0	0	0	0	0	0	0	0	0	0	0	0	0	0	0	0	0	0	0	0	0	0	0	0	0	0	0	0	0	0	0	0	0	
14/03/2022 14:57:50	0	0	6	15	15.03	0.2	2326	2711	4.208	4.2085	19.2	0	True	0.7166666	0.6066667	0.62	4.2	2.925	0	4.243	4.249	100	-0.034	4.208	0	0	0	0	0	0	0	0	0	0	0	0	0	0	0	19.2	0	0	0	0	0	0	0	0	0	0	0	0	0	0	0	0	0	0	0	0	0	0	0	0	0	0	0	0	0	0	0	0	0	0	
14/03/2022 14:58:00	0	0	6	15	15.03	0.2	2326	2721	4.208	4.2085	19.2	0	True	0.67	0.6016667	0.5983334	4.2	2.9267	0	4.254	4.252	100	-0.034	4.208	0	0	0	0	0	0	0	0	0	0	0	0	0	0	0	19.2	0	0	0	0	0	0	0	0	0	0	0	0	0	0	0	0	0	0	0	0	0	0	0	0	0	0	0	0	0	0	0	0	0	0	
14/03/2022 14:58:10	0	0	6	15	15.03	0.2	2326	2731	4.208	4.2085	19.2	0	True	0.645	0.6083333	0.62	4.2	2.9284	0	4.243	4.251	100	-0.034	4.208	0	0	0	0	0	0	0	0	0	0	0	0	0	0	0	19.2	0	0	0	0	0	0	0	0	0	0	0	0	0	0	0	0	0	0	0	0	0	0	0	0	0	0	0	0	0	0	0	0	0	0	
14/03/2022 14:58:20	0	0	6	15	15.03	0.2	2326	2741	4.208	4.2085	19.2	0	True	0.6283333	0.5983334	0.5983334	4.2	2.93	0	4.243	4.254	100	-0.034	4.208	0	0	0	0	0	0	0	0	0	0	0	0	0	0	0	19.2	0	0	0	0	0	0	0	0	0	0	0	0	0	0	0	0	0	0	0	0	0	0	0	0	0	0	0	0	0	0	0	0	0	0	
14/03/2022 14:58:30	0	0	6	15	15.03	0.2	2326	2751	4.208	4.2085	19.2	0	True	0.6116667	0.595	0.5883333	4.2	2.9317	0	4.243	4.254	100	-0.034	4.208	0	0	0	0	0	0	0	0	0	0	0	0	0	0	0	19.2	0	0	0	0	0	0	0	0	0	0	0	0	0	0	0	0	0	0	0	0	0	0	0	0	0	0	0	0	0	0	0	0	0	0	
14/03/2022 14:58:40	0	0	6	15	15.03	0.2	2326	2761	4.208	4.2085	19.2	0	True	0.595	0.595	0.61	4.2	2.9334	0	4.243	4.254	100	-0.034	4.208	0	0	0	0	0	0	0	0	0	0	0	0	0	0	0	19.2	0	0	0	0	0	0	0	0	0	0	0	0	0	0	0	0	0	0	0	0	0	0	0	0	0	0	0	0	0	0	0	0	0	0	
14/03/2022 14:58:50	0	0	6	15	15.03	0.2	2322	2770	4.208	4.2085	19.2	0	True	0.575	0.5	0.5166667	4.2	2.9347	0	4.243	4.254	100	-0.034	4.208	0	0	0	0	0	0	0	0	0	0	0	0	0	0	0	19.2	0	0	0	0	0	0	0	0	0	0	0	0	0	0	0	0	0	0	0	0	0	0	0	0	0	0	0	0	0	0	0	0	0	0	
14/03/2022 14:59:00	0	0	6	15	15.03	0.2	2320	2780	4.208	4.2085	19.2	0	True	0.55	0.5033333	0.5166667	4.2	2.9361	0	4.243	4.254	100	-0.034	4.208	0	0	0	0	0	0	0	0	0	0	0	0	0	0	0	19.2	0	0	0	0	0	0	0	0	0	0	0	0	0	0	0	0	0	0	0	0	0	0	0	0	0	0	0	0	0	0	0	0	0	0	
14/03/2022 14:59:10	0	0	6	15	15.03	0.2	2320	2790	4.208	4.2085	19.2	0	True	0.5333334	0.495	0.5116667	4.2	2.9375	0	4.254	4.254	100	-0.034	4.208	0	0	0	0	0	0	0	0	0	0	0	0	0	0	0	19.2	0	0	0	0	0	0	0	0	0	0	0	0	0	0	0	0	0	0	0	0	0	0	0	0	0	0	0	0	0	0	0	0	0	0	
14/03/2022 14:59:20	0	0	6	14.99	15.03	0.1	2318	2800	4.208	4.2085	19.2	0	True	0.495	0.4166667	0.4116667	4.2	2.9388	0	4.243	4.254	100	-0.034	4.208	0	0	0	0	0	0	0	0	0	0	0	0	0	0	0	19.2	0	0	0	0	0	0	0	0	0	0	0	0	0	0	0	0	0	0	0	0	0	0	0	0	0	0	0	0	0	0	0	0	0	0	
14/03/2022 14:59:30	0	0	6	14.99	15.03	0.1	2318	2810	4.208	4.2085	19.2	0	True	0.4633333	0.4183333	0.405	4.2	2.9399	0	4.243	4.254	100	-0.034	4.208	0	0	0	0	0	0	0	0	0	0	0	0	0	0	0	19.2	0	0	0	0	0	0	0	0	0	0	0	0	0	0	0	0	0	0	0	0	0	0	0	0	0	0	0	0	0	0	0	0	0	0	
14/03/2022 14:59:40	0	0	6	14.99	15.03	0.1	2318	2820	4.208	4.2085	19.2	0	True	0.4466667	0.4133333	0.4333333	4.2	2.9411	0	4.243	4.254	100	-0.034	4.208	0	0	0	0	0	0	0	0	0	0	0	0	0	0	0	19.2	0	0	0	0	0	0	0	0	0	0	0	0	0	0	0	0	0	0	0	0	0	0	0	0	0	0	0	0	0	0	0	0	0	0	
14/03/2022 14:59:50	0	0	6	14.99	15.03	0.1	2318	2828	4.208	4.2085	19.2	0	True	0.4333333	0.4133333	0.405	4.2	2.942	0	4.243	4.254	100	-0.034	4.208	0	0	0	0	0	0	0	0	0	0	0	0	0	0	0	19.2	0	0	0	0	0	0	0	0	0	0	0	0	0	0	0	0	0	0	0	0	0	0	0	0	0	0	0	0	0	0	0	0	0	0	
14/03/2022 15:00:00	0	0	6	14.99	15.03	0.1	2318	2840	4.208	4.2085	19.2	0	True	0.4133333	0.4066667	0.4283333	4.2	2.9434	0	4.243	4.254	100	-0.034	4.208	0	0	0	0	0	0	0	0	0	0	0	0	0	0	0	19.2	0	0	0	0	0	0	0	0	0	0	0	0	0	0	0	0	0	0	0	0	0	0	0	0	0	0	0	0	0	0	0	0	0	0	
14/03/2022 15:00:10	0	0	6	14.99	15.03	0.1	2318	2850	4.208	4.2085	19.2	0	True	0.4066667	0.4033333	0.405	4.2	2.9445	0	4.243	4.254	100	-0.034	4.208	0	0	0	0	0	0	0	0	0	0	0	0	0	0	0	19.2	0	0	0	0	0	0	0	0	0	0	0	0	0	0	0	0	0	0	0	0	0	0	0	0	0	0	0	0	0	0	0	0	0	0	
14/03/2022 15:00:20	0	0	6	14.99	15.03	0.1	2314	2860	4.208	4.2085	19.2	0	True	0.3833333	0.3233333	0.3233333	4.2	2.9455	0	4.243	4.254	100	-0.034	4.208	0	0	0	0	0	0	0	0	0	0	0	0	0	0	0	19.2	0	0	0	0	0	0	0	0	0	0	0	0	0	0	0	0	0	0	0	0	0	0	0	0	0	0	0	0	0	0	0	0	0	0	
14/03/2022 15:00:30	0	0	6	14.99	15.03	0.1	2314	2870	4.208	4.2085	19.2	0	True	0.36	0.32	0.3233333	4.2	2.9464	0	4.243	4.254	100	-0.034	4.208	0	0	0	0	0	0	0	0	0	0	0	0	0	0	0	19.2	0	0	0	0	0	0	0	0	0	0	0	0	0	0	0	0	0	0	0	0	0	0	0	0	0	0	0	0	0	0	0	0	0	0	
14/03/2022 15:00:40	0	0	6	14.99	15.03	0.1	2314	2880	4.208	4.2085	19.2	0	True	0.3433333	0.3216667	0.3183333	4.2	2.9473	0	4.243	4.254	100	-0.034	4.208	0	0	0	0	0	0	0	0	0	0	0	0	0	0	0	19.2	0	0	0	0	0	0	0	0	0	0	0	0	0	0	0	0	0	0	0	0	0	0	0	0	0	0	0	0	0	0	0	0	0	0	
14/03/2022 15:00:50	0	0	6	14.99	15.03	0.1	2314	2890	4.208	4.2085	19.2	0	True	0.3266667	0.3216667	0.3133333	4.2	2.9482	0	4.243	4.254	100	-0.034	4.208	0	0	0	0	0	0	0	0	0	0	0	0	0	0	0	19.2	0	0	0	0	0	0	0	0	0	0	0	0	0	0	0	0	0	0	0	0	0	0	0	0	0	0	0	0	0	0	0	0	0	0	
14/03/2022 15:01:00	0	0	6	15	15.03	0.1	2314	2900	4.208	4.2085	19.2	0	True	0.3216667	0.3183333	0.3133333	4.2	2.9491	0	4.254	4.254	100	-0.034	4.208	0	0	0	0	0	0	0	0	0	0	0	0	0	0	0	19.2	0	0	0	0	0	0	0	0	0	0	0	0	0	0	0	0	0	0	0	0	0	0	0	0	0	0	0	0	0	0	0	0	0	0	
14/03/2022 15:01:10	0	0	6	14.99	15.03	0.1	2314	2910	4.208	4.2085	19.2	0	True	0.3183333	0.3183333	0.3183333	4.2	2.95	0	4.243	4.254	100	-0.034	4.208	0	0	0	0	0	0	0	0	0	0	0	0	0	0	0	19.2	0	0	0	0	0	0	0	0	0	0	0	0	0	0	0	0	0	0	0	0	0	0	0	0	0	0	0	0	0	0	0	0	0	0	
14/03/2022 15:01:20	0	0	6	14.99	15.03	0.1	2314	2920	4.208	4.2085	19.2	0	True	0.3183333	0.32	0.3233333	4.2	2.9508	0	4.243	4.254	100	-0.034	4.208	0	0	0	0	0	0	0	0	0	0	0	0	0	0	0	19.2	0	0	0	0	0	0	0	0	0	0	0	0	0	0	0	0	0	0	0	0	0	0	0	0	0	0	0	0	0	0	0	0	0	0	
14/03/2022 15:01:30	0	0	6	14.99	15.03	0.1	2308	2930	4.208	4.2085	19.2	0	True	0.2983333	0.2333333	0.2366667	4.2	2.9516	0	4.243	4.254	100	-0.046	4.208	0	0	0	0	0	0	0	0	0	0	0	0	0	0	0	19.2	0	0	0	0	0	0	0	0	0	0	0	0	0	0	0	0	0	0	0	0	0	0	0	0	0	0	0	0	0	0	0	0	0	0	
14/03/2022 15:01:40	0	0	6	14.99	15.03	0.1	2308	2939	4.208	4.2085	19.2	0	True	0.2716667	0.2366667	0.245	4.2	2.9522	0	4.243	4.254	100	-0.034	4.208	0	0	0	0	0	0	0	0	0	0	0	0	0	0	0	19.2	0	0	0	0	0	0	0	0	0	0	0	0	0	0	0	0	0	0	0	0	0	0	0	0	0	0	0	0	0	0	0	0	0	0	
14/03/2022 15:01:50	0	0	6	14.99	15.03	0.1	2308	2949	4.208	4.2085	19.2	0	True	0.2566667	0.2266667	0.2133333	4.2	2.9528	0	4.243	4.254	100	-0.034	4.208	0	0	0	0	0	0	0	0	0	0	0	0	0	0	0	19.2	0	0	0	0	0	0	0	0	0	0	0	0	0	0	0	0	0	0	0	0	0	0	0	0	0	0	0	0	0	0	0	0	0	0	
14/03/2022 15:02:00	0	0	6	14.99	15.03	0.1	2308	2959	4.208	4.2085	19.2	0	True	0.24	0.2316667	0.245	4.2	2.9535	0	4.243	4.254	100	-0.034	4.208	0	0	0	0	0	0	0	0	0	0	0	0	0	0	0	19.2	0	0	0	0	0	0	0	0	0	0	0	0	0	0	0	0	0	0	0	0	0	0	0	0	0	0	0	0	0	0	0	0	0	0	
14/03/2022 15:02:10	0	0	6	14.99	15.03	0.1	2308	2969	4.208	4.2085	19.2	0	True	0.2333333	0.2333333	0.2366667	4.2	2.9541	0	4.243	4.254	100	-0.034	4.208	0	0	0	0	0	0	0	0	0	0	0	0	0	0	0	19.2	0	0	0	0	0	0	0	0	0	0	0	0	0	0	0	0	0	0	0	0	0	0	0	0	0	0	0	0	0	0	0	0	0	0	
14/03/2022 15:02:20	0	0	6	14.99	15.03	0.1	2308	2979	4.208	4.2085	19.2	0	True	0.23	0.2316667	0.2366667	4.2	2.9547	0	4.254	4.254	100	-0.034	4.208	0	0	0	0	0	0	0	0	0	0	0	0	0	0	0	19.2	0	0	0	0	0	0	0	0	0	0	0	0	0	0	0	0	0	0	0	0	0	0	0	0	0	0	0	0	0	0	0	0	0	0	
14/03/2022 15:02:30	0	0	6	14.99	15.03	0.1	2308	2989	4.208	4.2085	19.2	0	True	0.2316667	0.2333333	0.23	4.2	2.9554	0	4.243	4.254	100	-0.034	4.208	0	0	0	0	0	0	0	0	0	0	0	0	0	0	0	19.2	0	0	0	0	0	0	0	0	0	0	0	0	0	0	0	0	0	0	0	0	0	0	0	0	0	0	0	0	0	0	0	0	0	0	
14/03/2022 15:02:40	0	0	6	14.99	15.03	0.1	2308	2999	4.208	4.2085	19.2	0	True	0.2266667	0.2283333	0.245	4.2	2.956	0	4.243	4.254	100	-0.034	4.208	0	0	0	0	0	0	0	0	0	0	0	0	0	0	0	19.2	0	0	0	0	0	0	0	0	0	0	0	0	0	0	0	0	0	0	0	0	0	0	0	0	0	0	0	0	0	0	0	0	0	0	
14/03/2022 15:02:50	0	0	6	14.99	15.03	0	2306	3009	4.208	4.2085	19.2	0	True	0.2116667	0.1416667	0.1416667	4.2	2.9565	0	4.243	4.254	100	-0.034	4.208	0	0	0	0	0	0	0	0	0	0	0	0	0	0	0	19.2	0	0	0	0	0	0	0	0	0	0	0	0	0	0	0	0	0	0	0	0	0	0	0	0	0	0	0	0	0	0	0	0	0	0	
14/03/2022 15:03:00	0	0	11	14.99	15.03	0	0	9	4.206	4.2085	19.2	0	True	0.1233333	0	0.006666667	4.2	2.9566	0	4.243	4.254	100	-0.034	4.206	0	0	0	0	0	0	0	0	0	0	0	0	0	0	0	19.2	0	0	0	0	0	0	0	0	0	0	0	0	0	0	0	0	0	0	0	0	0	0	0	0	0	0	0	0	0	0	0	0	0	0	
14/03/2022 15:03:10	0	0	11	14.99	15.04	0	0	19	4.205	4.2085	19.2	0	True	0.07166667	0	0.006666667	4.2	2.9566	0	4.243	4.254	100	-0.034	4.205	0	0	0	0	0	0	0	0	0	0	0	0	0	0	0	19.2	0	0	0	0	0	0	0	0	0	0	0	0	0	0	0	0	0	0	0	0	0	0	0	0	0	0	0	0	0	0	0	0	0	0	
14/03/2022 15:03:20	0	0	11	14.99	15.04	0	0	29	4.204	4.2085	19.2	0	True	0.045	0	0.003333333	4.2	2.9566	0	4.243	4.252	100	-0.034	4.204	0	0	0	0	0	0	0	0	0	0	0	0	0	0	0	19.2	0	0	0	0	0	0	0	0	0	0	0	0	0	0	0	0	0	0	0	0	0	0	0	0	0	0	0	0	0	0	0	0	0	0	
14/03/2022 15:03:30	0	0	11	14.99	15.04	0	0	39	4.204	4.2085	19.2	0	True	0.02833333	0	0	4.2	2.9566	0	4.243	4.252	100	-0.034	4.204	0	0	0	0	0	0	0	0	0	0	0	0	0	0	0	19.2	0	0	0	0	0	0	0	0	0	0	0	0	0	0	0	0	0	0	0	0	0	0	0	0	0	0	0	0	0	0	0	0	0	0	
14/03/2022 15:03:40	0	0	11	14.99	15.04	0	0	49	4.203	4.2085	19.2	0	True	0.01166667	0	0.003333333	4.2	2.9566	0	4.243	4.251	100	-0.034	4.203	0	0	0	0	0	0	0	0	0	0	0	0	0	0	0	19.2	0	0	0	0	0	0	0	0	0	0	0	0	0	0	0	0	0	0	0	0	0	0	0	0	0	0	0	0	0	0	0	0	0	0	
14/03/2022 15:03:50	0	0	11	14.99	15.04	0	0	59	4.203	4.2085	19.2	0	True	0	0	0.006666667	4.2	2.9566	0	4.243	4.251	100	-0.034	4.203	0	0	0	0	0	0	0	0	0	0	0	0	0	0	0	19.2	0	0	0	0	0	0	0	0	0	0	0	0	0	0	0	0	0	0	0	0	0	0	0	0	0	0	0	0	0	0	0	0	0	0	
14/03/2022 15:04:00	0	0	8	14.99	15.01	0	3406	8	4.164	4.1635	19.2	0	False	-4.015	-4.158333	-4.246666	4.25	2.9566	0.0074	4.209	4.209	-1	-0.034	4.164	0	0	0	0	0	0	0	0	0	0	0	0	0	0	0	19.2	0	0	0	0	0	0	0	0	0	0	0	0	0	0	0	0	0	0	0	0	0	0	0	0	0	0	0	0	0	0	0	0	0	0	
14/03/2022 15:04:10	0	0	8	14.99	15.01	0	3404	18	4.145	4.146	19.2	0	False	-4.115	-4.246666	-4.246666	4.25	2.9566	0.0192	4.186	4.186	-1	-0.046	4.145	0	0	0	0	0	0	0	0	0	0	0	0	0	0	0	19.2	0	0	0	0	0	0	0	0	0	0	0	0	0	0	0	0	0	0	0	0	0	0	0	0	0	0	0	0	0	0	0	0	0	0	
14/03/2022 15:04:20	0	0	8	14.99	15	0	3398	28	4.133	4.1335	19.2	0	False	-4.175	-4.251667	-4.251667	4.25	2.9566	0.0311	4.174	4.174	-1	-0.046	4.133	0	0	0	0	0	0	0	0	0	0	0	0	0	0	0	19.2	0	0	0	0	0	0	0	0	0	0	0	0	0	0	0	0	0	0	0	0	0	0	0	0	0	0	0	0	0	0	0	0	0	0	
14/03/2022 15:04:30	0	0	8	14.99	15.01	0	3404	38	4.123	4.1235	19.2	0	False	-4.203333	-4.248333	-4.251667	4.25	2.9566	0.0429	4.163	4.163	-1	-0.046	4.123	0	0	0	0	0	0	0	0	0	0	0	0	0	0	0	19.2	0	0	0	0	0	0	0	0	0	0	0	0	0	0	0	0	0	0	0	0	0	0	0	0	0	0	0	0	0	0	0	0	0	0	
14/03/2022 15:04:40	0	0	8	14.99	15.01	0	3402	48	4.114	4.1148	19.2	0	False	-4.22	-4.25	-4.251667	4.25	2.9566	0.0547	4.151	4.151	-1	-0.034	4.114	0	0	0	0	0	0	0	0	0	0	0	0	0	0	0	19.2	0	0	0	0	0	0	0	0	0	0	0	0	0	0	0	0	0	0	0	0	0	0	0	0	0	0	0	0	0	0	0	0	0	0	
14/03/2022 15:04:50	0	0	8	14.99	15	0	3404	58	4.107	4.1073	19.2	0	False	-4.236667	-4.251667	-4.251667	4.25	2.9566	0.0665	4.151	4.151	-1	-0.046	4.107	0	0	0	0	0	0	0	0	0	0	0	0	0	0	0	19.2	0	0	0	0	0	0	0	0	0	0	0	0	0	0	0	0	0	0	0	0	0	0	0	0	0	0	0	0	0	0	0	0	0	0	
14/03/2022 15:05:00	0	0	8	14.99	15	0	3402	68	4.101	4.1022	19.2	0	False	-4.241667	-4.25	-4.253334	4.25	2.9566	0.0783	4.14	4.14	-1	-0.046	4.101	0	0	0	0	0	0	0	0	0	0	0	0	0	0	0	19.2	0	0	0	0	0	0	0	0	0	0	0	0	0	0	0	0	0	0	0	0	0	0	0	0	0	0	0	0	0	0	0	0	0	0	
14/03/2022 15:05:10	0	0	8	14.99	15	0	3408	78	4.095	4.096	19.2	0	False	-4.248333	-4.241667	-4.22	4.25	2.9566	0.0901	4.14	4.14	-1	-0.034	4.095	0	0	0	0	0	0	0	0	0	0	0	0	0	0	0	19.2	0	0	0	0	0	0	0	0	0	0	0	0	0	0	0	0	0	0	0	0	0	0	0	0	0	0	0	0	0	0	0	0	0	0	
14/03/2022 15:05:20	0	0	8	14.99	15	0	3408	88	4.09	4.091	19.2	0	False	-4.246666	-4.246666	-4.22	4.25	2.9566	0.1019	4.117	4.133	-1	-0.046	4.09	0	0	0	0	0	0	0	0	0	0	0	0	0	0	0	19.2	0	0	0	0	0	0	0	0	0	0	0	0	0	0	0	0	0	0	0	0	0	0	0	0	0	0	0	0	0	0	0	0	0	0	
14/03/2022 15:05:30	0	0	8	14.98	15	0	3414	98	4.085	4.086	19.2	0	False	-4.25	-4.241667	-4.236667	4.25	2.9566	0.1137	4.117	4.128	-1	-0.034	4.085	0	0	0	0	0	0	0	0	0	0	0	0	0	0	0	19.2	0	0	0	0	0	0	0	0	0	0	0	0	0	0	0	0	0	0	0	0	0	0	0	0	0	0	0	0	0	0	0	0	0	0	
14/03/2022 15:05:40	0	0	8	14.98	15	0	3412	108	4.081	4.0812	19.2	0	False	-4.248333	-4.243333	-4.231667	4.25	2.9566	0.1255	4.117	4.127	-1	-0.023	4.081	0	0	0	0	0	0	0	0	0	0	0	0	0	0	0	19.2	0	0	0	0	0	0	0	0	0	0	0	0	0	0	0	0	0	0	0	0	0	0	0	0	0	0	0	0	0	0	0	0	0	0	
14/03/2022 15:05:50	0	0	8	14.99	15	0	3414	118	4.076	4.0763	19.2	0	False	-4.246666	-4.243333	-4.236667	4.25	2.9566	0.1373	4.117	4.117	-1	-0.046	4.076	0	0	0	0	0	0	0	0	0	0	0	0	0	0	0	19.2	0	0	0	0	0	0	0	0	0	0	0	0	0	0	0	0	0	0	0	0	0	0	0	0	0	0	0	0	0	0	0	0	0	0	
14/03/2022 15:06:00	0	0	8	14.99	15	0	3408	128	4.072	4.0729	19.2	0	False	-4.246666	-4.246666	-4.236667	4.25	2.9566	0.1491	4.105	4.117	-1	-0.034	4.072	0	0	0	0	0	0	0	0	0	0	0	0	0	0	0	19.2	0	0	0	0	0	0	0	0	0	0	0	0	0	0	0	0	0	0	0	0	0	0	0	0	0	0	0	0	0	0	0	0	0	0	
14/03/2022 15:06:10	0	0	8	14.98	15	0	3406	136	4.069	4.0697	19.2	0	False	-4.25	-4.246666	-4.258333	4.25	2.9566	0.1586	4.105	4.116	-1	-0.034	4.069	0	0	0	0	0	0	0	0	0	0	0	0	0	0	0	19.2	0	0	0	0	0	0	0	0	0	0	0	0	0	0	0	0	0	0	0	0	0	0	0	0	0	0	0	0	0	0	0	0	0	0	
14/03/2022 15:06:20	0	0	8	14.99	15	0	3408	148	4.065	4.066	19.2	0	False	-4.251667	-4.248333	-4.236667	4.25	2.9566	0.1727	4.105	4.105	-1	-0.034	4.065	0	0	0	0	0	0	0	0	0	0	0	0	0	0	0	19.2	0	0	0	0	0	0	0	0	0	0	0	0	0	0	0	0	0	0	0	0	0	0	0	0	0	0	0	0	0	0	0	0	0	0	
14/03/2022 15:06:30	0	0	8	14.98	15	0	3398	158	4.063	4.0633	19.2	0	False	-4.246666	-4.251667	-4.236667	4.25	2.9566	0.1845	4.094	4.105	-1	-0.034	4.063	0	0	0	0	0	0	0	0	0	0	0	0	0	0	0	19.2	0	0	0	0	0	0	0	0	0	0	0	0	0	0	0	0	0	0	0	0	0	0	0	0	0	0	0	0	0	0	0	0	0	0	
14/03/2022 15:06:40	0	0	8	14.99	15	0	3400	168	4.06	4.0609	19.2	0	False	-4.248333	-4.248333	-4.236667	4.25	2.9566	0.1963	4.094	4.105	-1	-0.034	4.06	0	0	0	0	0	0	0	0	0	0	0	0	0	0	0	19.2	0	0	0	0	0	0	0	0	0	0	0	0	0	0	0	0	0	0	0	0	0	0	0	0	0	0	0	0	0	0	0	0	0	0	
14/03/2022 15:06:50	0	0	8	14.99	15	0	3406	177	4.058	4.0583	19.2	0	False	-4.248333	-4.25	-4.241667	4.25	2.9566	0.2069	4.094	4.1	-1	-0.034	4.058	0	0	0	0	0	0	0	0	0	0	0	0	0	0	0	19.2	0	0	0	0	0	0	0	0	0	0	0	0	0	0	0	0	0	0	0	0	0	0	0	0	0	0	0	0	0	0	0	0	0	0	
14/03/2022 15:07:00	0	0	8	14.99	15	0	3412	187	4.055	4.0559	19.2	0	False	-4.251667	-4.245	-4.265	4.25	2.9566	0.2187	4.082	4.094	-1	-0.034	4.055	0	0	0	0	0	0	0	0	0	0	0	0	0	0	0	19.2	0	0	0	0	0	0	0	0	0	0	0	0	0	0	0	0	0	0	0	0	0	0	0	0	0	0	0	0	0	0	0	0	0	0	
14/03/2022 15:07:10	0	0	8	14.98	15	0	3404	197	4.053	4.0535	19.2	0	False	-4.248333	-4.253334	-4.236667	4.25	2.9566	0.2305	4.094	4.094	-1	-0.046	4.053	0	0	0	0	0	0	0	0	0	0	0	0	0	0	0	19.2	0	0	0	0	0	0	0	0	0	0	0	0	0	0	0	0	0	0	0	0	0	0	0	0	0	0	0	0	0	0	0	0	0	0	
14/03/2022 15:07:20	0	0	8	14.99	15	0	3408	207	4.051	4.052	19.2	0	False	-4.246666	-4.25	-4.258333	4.25	2.9566	0.2423	4.094	4.094	-1	-0.046	4.051	0	0	0	0	0	0	0	0	0	0	0	0	0	0	0	19.2	0	0	0	0	0	0	0	0	0	0	0	0	0	0	0	0	0	0	0	0	0	0	0	0	0	0	0	0	0	0	0	0	0	0	
14/03/2022 15:07:30	0	0	8	14.99	15	0	3400	217	4.049	4.0497	19.2	0	False	-4.246666	-4.25	-4.22	4.25	2.9566	0.254	4.082	4.094	-1	-0.034	4.049	0	0	0	0	0	0	0	0	0	0	0	0	0	0	0	19.2	0	0	0	0	0	0	0	0	0	0	0	0	0	0	0	0	0	0	0	0	0	0	0	0	0	0	0	0	0	0	0	0	0	0	
14/03/2022 15:07:40	0	0	8	14.98	15	0	3402	227	4.048	4.0482	19.2	0	False	-4.25	-4.256667	-4.258333	4.25	2.9566	0.2658	4.082	4.094	-1	-0.034	4.048	0	0	0	0	0	0	0	0	0	0	0	0	0	0	0	19.2	0	0	0	0	0	0	0	0	0	0	0	0	0	0	0	0	0	0	0	0	0	0	0	0	0	0	0	0	0	0	0	0	0	0	
14/03/2022 15:07:50	0	0	8	14.99	15	0	3400	237	4.045	4.046	19.2	0	False	-4.246666	-4.251667	-4.231667	4.25	2.9566	0.2776	4.082	4.082	-1	-0.034	4.045	0	0	0	0	0	0	0	0	0	0	0	0	0	0	0	19.2	0	0	0	0	0	0	0	0	0	0	0	0	0	0	0	0	0	0	0	0	0	0	0	0	0	0	0	0	0	0	0	0	0	0	
14/03/2022 15:08:00	0	0	8	14.99	15	0	3414	247	4.044	4.0447	19.2	0	False	-4.248333	-4.241667	-4.241667	4.25	2.9566	0.2895	4.071	4.082	-1	-0.046	4.044	0	0	0	0	0	0	0	0	0	0	0	0	0	0	0	19.2	0	0	0	0	0	0	0	0	0	0	0	0	0	0	0	0	0	0	0	0	0	0	0	0	0	0	0	0	0	0	0	0	0	0	
14/03/2022 15:08:10	0	0	8	14.99	15	0	3408	257	4.043	4.0434	19.2	0	False	-4.248333	-4.248333	-4.22	4.25	2.9566	0.3012	4.071	4.082	-1	-0.046	4.043	0	0	0	0	0	0	0	0	0	0	0	0	0	0	0	19.2	0	0	0	0	0	0	0	0	0	0	0	0	0	0	0	0	0	0	0	0	0	0	0	0	0	0	0	0	0	0	0	0	0	0	
14/03/2022 15:08:20	0	0	8	14.99	15	0	3402	267	4.041	4.0418	19.2	0	False	-4.246666	-4.258333	-4.263333	4.25	2.9566	0.313	4.082	4.082	-1	-0.046	4.041	0	0	0	0	0	0	0	0	0	0	0	0	0	0	0	19.2	0	0	0	0	0	0	0	0	0	0	0	0	0	0	0	0	0	0	0	0	0	0	0	0	0	0	0	0	0	0	0	0	0	0	
14/03/2022 15:08:30	0	0	8	14.99	15	0	3404	277	4.04	4.0404	19.2	0	False	-4.248333	-4.25	-4.231667	4.25	2.9566	0.3248	4.071	4.082	-1	-0.034	4.04	0	0	0	0	0	0	0	0	0	0	0	0	0	0	0	19.2	0	0	0	0	0	0	0	0	0	0	0	0	0	0	0	0	0	0	0	0	0	0	0	0	0	0	0	0	0	0	0	0	0	0	
14/03/2022 15:08:40	0	0	8	14.99	15	0	3402	287	4.038	4.0385	19.2	0	False	-4.243333	-4.251667	-4.253334	4.25	2.9566	0.3366	4.071	4.082	-1	-0.034	4.038	0	0	0	0	0	0	0	0	0	0	0	0	0	0	0	19.2	0	0	0	0	0	0	0	0	0	0	0	0	0	0	0	0	0	0	0	0	0	0	0	0	0	0	0	0	0	0	0	0	0	0	
14/03/2022 15:08:50	0	0	8	14.99	15	0	3412	297	4.037	4.0372	19.2	0	False	-4.248333	-4.243333	-4.231667	4.25	2.9566	0.3484	4.071	4.082	-1	-0.034	4.037	0	0	0	0	0	0	0	0	0	0	0	0	0	0	0	19.2	0	0	0	0	0	0	0	0	0	0	0	0	0	0	0	0	0	0	0	0	0	0	0	0	0	0	0	0	0	0	0	0	0	0	
14/03/2022 15:09:00	0	0	8	14.99	15	0	3404	307	4.035	4.036	19.2	0	False	-4.248333	-4.25	-4.258333	4.25	2.9566	0.3602	4.071	4.081	-1	-0.034	4.035	0	0	0	0	0	0	0	0	0	0	0	0	0	0	0	19.2	0	0	0	0	0	0	0	0	0	0	0	0	0	0	0	0	0	0	0	0	0	0	0	0	0	0	0	0	0	0	0	0	0	0	
14/03/2022 15:09:10	0	0	8	14.98	15	0	3414	317	4.034	4.0347	19.2	0	False	-4.246666	-4.243333	-4.265	4.25	2.9566	0.372	4.071	4.077	-1	-0.034	4.034	0	0	0	0	0	0	0	0	0	0	0	0	0	0	0	19.2	0	0	0	0	0	0	0	0	0	0	0	0	0	0	0	0	0	0	0	0	0	0	0	0	0	0	0	0	0	0	0	0	0	0	
14/03/2022 15:09:20	0	0	8	14.98	15	0	3404	327	4.033	4.0335	19.2	0	False	-4.248333	-4.25	-4.22	4.25	2.9566	0.3838	4.071	4.071	-1	-0.046	4.033	0	0	0	0	0	0	0	0	0	0	0	0	0	0	0	19.2	0	0	0	0	0	0	0	0	0	0	0	0	0	0	0	0	0	0	0	0	0	0	0	0	0	0	0	0	0	0	0	0	0	0	
14/03/2022 15:09:30	0	0	8	14.99	15	0	3410	337	4.032	4.0322	19.2	0	False	-4.246666	-4.248333	-4.253334	4.25	2.9566	0.3956	4.071	4.071	-1	-0.034	4.032	0	0	0	0	0	0	0	0	0	0	0	0	0	0	0	19.2	0	0	0	0	0	0	0	0	0	0	0	0	0	0	0	0	0	0	0	0	0	0	0	0	0	0	0	0	0	0	0	0	0	0	
14/03/2022 15:09:40	0	0	8	14.98	15	0	3412	347	4.03	4.031	19.2	0	False	-4.246666	-4.243333	-4.22	4.25	2.9566	0.4074	4.06	4.071	-1	-0.034	4.03	0	0	0	0	0	0	0	0	0	0	0	0	0	0	0	19.2	0	0	0	0	0	0	0	0	0	0	0	0	0	0	0	0	0	0	0	0	0	0	0	0	0	0	0	0	0	0	0	0	0	0	
14/03/2022 15:09:50	0	0	8	14.99	15	0	3410	356	4.029	4.0298	19.2	0	False	-4.25	-4.248333	-4.236667	4.25	2.9566	0.4192	4.071	4.071	-1	-0.034	4.029	0	0	0	0	0	0	0	0	0	0	0	0	0	0	0	19.2	0	0	0	0	0	0	0	0	0	0	0	0	0	0	0	0	0	0	0	0	0	0	0	0	0	0	0	0	0	0	0	0	0	0	
14/03/2022 15:10:00	0	0	8	14.99	15	0	3404	366	4.028	4.0289	19.2	0	False	-4.25	-4.253334	-4.236667	4.25	2.9566	0.4298	4.06	4.071	-1	-0.046	4.028	0	0	0	0	0	0	0	0	0	0	0	0	0	0	0	19.2	0	0	0	0	0	0	0	0	0	0	0	0	0	0	0	0	0	0	0	0	0	0	0	0	0	0	0	0	0	0	0	0	0	0	
14/03/2022 15:10:10	0	0	8	14.99	15	0	3410	376	4.027	4.0278	19.2	0	False	-4.245	-4.246666	-4.241667	4.25	2.9566	0.4416	4.071	4.071	-1	-0.046	4.027	0	0	0	0	0	0	0	0	0	0	0	0	0	0	0	19.2	0	0	0	0	0	0	0	0	0	0	0	0	0	0	0	0	0	0	0	0	0	0	0	0	0	0	0	0	0	0	0	0	0	0	
14/03/2022 15:10:20	0	0	8	14.99	15	0	3412	386	4.026	4.0268	19.2	0	False	-4.246666	-4.245	-4.231667	4.25	2.9566	0.4534	4.048	4.07	-1	-0.034	4.026	0	0	0	0	0	0	0	0	0	0	0	0	0	0	0	19.2	0	0	0	0	0	0	0	0	0	0	0	0	0	0	0	0	0	0	0	0	0	0	0	0	0	0	0	0	0	0	0	0	0	0	
14/03/2022 15:10:30	0	0	8	14.98	15	0	3406	396	4.025	4.0258	19.2	0	False	-4.245	-4.25	-4.231667	4.25	2.9566	0.4652	4.06	4.069	-1	-0.046	4.025	0	0	0	0	0	0	0	0	0	0	0	0	0	0	0	19.2	0	0	0	0	0	0	0	0	0	0	0	0	0	0	0	0	0	0	0	0	0	0	0	0	0	0	0	0	0	0	0	0	0	0	
14/03/2022 15:10:40	0	0	8	14.98	15	0	3408	406	4.023	4.0241	19.2	0	False	-4.248333	-4.245	-4.22	4.25	2.9566	0.4769	4.06	4.069	-1	-0.034	4.023	0	0	0	0	0	0	0	0	0	0	0	0	0	0	0	19.2	0	0	0	0	0	0	0	0	0	0	0	0	0	0	0	0	0	0	0	0	0	0	0	0	0	0	0	0	0	0	0	0	0	0	
14/03/2022 15:10:50	0	0	8	14.99	15	0	3406	416	4.023	4.0233	19.2	0	False	-4.251667	-4.248333	-4.253334	4.25	2.9566	0.4888	4.06	4.06	-1	-0.034	4.023	0	0	0	0	0	0	0	0	0	0	0	0	0	0	0	19.2	0	0	0	0	0	0	0	0	0	0	0	0	0	0	0	0	0	0	0	0	0	0	0	0	0	0	0	0	0	0	0	0	0	0	
14/03/2022 15:11:00	0	0	8	14.99	15	0	3418	426	4.021	4.0222	19.2	0	False	-4.25	-4.245	-4.253334	4.25	2.9566	0.5006	4.06	4.06	-1	-0.046	4.021	0	0	0	0	0	0	0	0	0	0	0	0	0	0	0	19.2	0	0	0	0	0	0	0	0	0	0	0	0	0	0	0	0	0	0	0	0	0	0	0	0	0	0	0	0	0	0	0	0	0	0	
14/03/2022 15:11:10	0	0	8	14.99	15	0	3420	436	4.019	4.02	19.2	0	False	-4.251667	-4.241667	-4.265	4.25	2.9566	0.5124	4.048	4.06	-1	-0.034	4.019	0	0	0	0	0	0	0	0	0	0	0	0	0	0	0	19.2	0	0	0	0	0	0	0	0	0	0	0	0	0	0	0	0	0	0	0	0	0	0	0	0	0	0	0	0	0	0	0	0	0	0	
14/03/2022 15:11:20	0	0	8	14.98	15	0	3410	446	4.019	4.0192	19.2	0	False	-4.246666	-4.248333	-4.253334	4.25	2.9566	0.5242	4.06	4.06	-1	-0.046	4.019	0	0	0	0	0	0	0	0	0	0	0	0	0	0	0	19.2	0	0	0	0	0	0	0	0	0	0	0	0	0	0	0	0	0	0	0	0	0	0	0	0	0	0	0	0	0	0	0	0	0	0	
14/03/2022 15:11:30	0	0	8	14.98	15	0	3416	456	4.017	4.0181	19.2	0	False	-4.248333	-4.24	-4.236667	4.25	2.9566	0.536	4.06	4.06	-1	-0.034	4.017	0	0	0	0	0	0	0	0	0	0	0	0	0	0	0	19.2	0	0	0	0	0	0	0	0	0	0	0	0	0	0	0	0	0	0	0	0	0	0	0	0	0	0	0	0	0	0	0	0	0	0	
14/03/2022 15:11:40	0	0	8	14.99	15	0	3406	466	4.016	4.0164	19.2	0	False	-4.248333	-4.253334	-4.241667	4.25	2.9566	0.5478	4.048	4.06	-1	-0.034	4.016	0	0	0	0	0	0	0	0	0	0	0	0	0	0	0	19.2	0	0	0	0	0	0	0	0	0	0	0	0	0	0	0	0	0	0	0	0	0	0	0	0	0	0	0	0	0	0	0	0	0	0	
14/03/2022 15:11:50	0	0	8	14.98	15	0	3412	476	4.014	4.015	19.2	0	False	-4.25	-4.245	-4.253334	4.25	2.9566	0.5595	4.048	4.06	-1	-0.034	4.014	0	0	0	0	0	0	0	0	0	0	0	0	0	0	0	19.2	0	0	0	0	0	0	0	0	0	0	0	0	0	0	0	0	0	0	0	0	0	0	0	0	0	0	0	0	0	0	0	0	0	0	
14/03/2022 15:12:00	0	0	8	14.99	15	0	3410	486	4.013	4.0135	19.2	0	False	-4.246666	-4.245	-4.265	4.25	2.9566	0.5713	4.048	4.059	-1	-0.034	4.013	0	0	0	0	0	0	0	0	0	0	0	0	0	0	0	19.2	0	0	0	0	0	0	0	0	0	0	0	0	0	0	0	0	0	0	0	0	0	0	0	0	0	0	0	0	0	0	0	0	0	0	
14/03/2022 15:12:10	0	0	8	14.99	15	0	3404	496	4.012	4.0122	19.2	0	False	-4.246666	-4.253334	-4.241667	4.25	2.9566	0.5831	4.048	4.056	-1	-0.034	4.012	0	0	0	0	0	0	0	0	0	0	0	0	0	0	0	19.2	0	0	0	0	0	0	0	0	0	0	0	0	0	0	0	0	0	0	0	0	0	0	0	0	0	0	0	0	0	0	0	0	0	0	
14/03/2022 15:12:20	0	0	8	14.99	15	0	3402	506	4.01	4.011	19.2	0	False	-4.248333	-4.253334	-4.253334	4.25	2.9566	0.5949	4.048	4.048	-1	-0.046	4.01	0	0	0	0	0	0	0	0	0	0	0	0	0	0	0	19.2	0	0	0	0	0	0	0	0	0	0	0	0	0	0	0	0	0	0	0	0	0	0	0	0	0	0	0	0	0	0	0	0	0	0	
14/03/2022 15:12:30	0	0	8	14.99	15	0	3412	516	4.009	4.0094	19.2	0	False	-4.245	-4.243333	-4.258333	4.25	2.9566	0.6067	4.037	4.048	-1	-0.046	4.009	0	0	0	0	0	0	0	0	0	0	0	0	0	0	0	19.2	0	0	0	0	0	0	0	0	0	0	0	0	0	0	0	0	0	0	0	0	0	0	0	0	0	0	0	0	0	0	0	0	0	0	
14/03/2022 15:12:40	0	0	8	14.98	15	0	3406	526	4.007	4.0072	19.2	0	False	-4.246666	-4.246666	-4.258333	4.25	2.9566	0.6185	4.037	4.048	-1	-0.034	4.007	0	0	0	0	0	0	0	0	0	0	0	0	0	0	0	19.2	0	0	0	0	0	0	0	0	0	0	0	0	0	0	0	0	0	0	0	0	0	0	0	0	0	0	0	0	0	0	0	0	0	0	
14/03/2022 15:12:50	0	0	8	14.98	15	0	3408	536	4.005	4.0059	19.2	0	False	-4.248333	-4.248333	-4.236667	4.25	2.9566	0.6303	4.037	4.048	-1	-0.034	4.005	0	0	0	0	0	0	0	0	0	0	0	0	0	0	0	19.2	0	0	0	0	0	0	0	0	0	0	0	0	0	0	0	0	0	0	0	0	0	0	0	0	0	0	0	0	0	0	0	0	0	0	
14/03/2022 15:13:00	0	0	8	14.99	15	0	3410	545	4.003	4.0035	19.2	0	False	-4.245	-4.248333	-4.236667	4.25	2.9566	0.6409	4.037	4.048	-1	-0.034	4.003	0	0	0	0	0	0	0	0	0	0	0	0	0	0	0	19.2	0	0	0	0	0	0	0	0	0	0	0	0	0	0	0	0	0	0	0	0	0	0	0	0	0	0	0	0	0	0	0	0	0	0	
14/03/2022 15:13:10	0	0	8	14.98	15	0	3406	555	4.001	4.0021	19.2	0	False	-4.245	-4.248333	-4.258333	4.25	2.9566	0.6527	4.037	4.047	-1	-0.034	4.001	0	0	0	0	0	0	0	0	0	0	0	0	0	0	0	19.2	0	0	0	0	0	0	0	0	0	0	0	0	0	0	0	0	0	0	0	0	0	0	0	0	0	0	0	0	0	0	0	0	0	0	
14/03/2022 15:13:20	0	0	8	14.98	15	0	3412	565	3.999	3.9997	19.2	0	False	-4.246666	-4.241667	-4.213333	4.25	2.9566	0.6645	4.037	4.037	-1	-0.034	3.999	0	0	0	0	0	0	0	0	0	0	0	0	0	0	0	19.2	0	0	0	0	0	0	0	0	0	0	0	0	0	0	0	0	0	0	0	0	0	0	0	0	0	0	0	0	0	0	0	0	0	0	
14/03/2022 15:13:30	0	0	8	14.99	15	0	3410	575	3.997	3.9972	19.2	0	False	-4.248333	-4.248333	-4.241667	4.25	2.9566	0.6764	4.025	4.037	-1	-0.034	3.997	0	0	0	0	0	0	0	0	0	0	0	0	0	0	0	19.2	0	0	0	0	0	0	0	0	0	0	0	0	0	0	0	0	0	0	0	0	0	0	0	0	0	0	0	0	0	0	0	0	0	0	
14/03/2022 15:13:40	0	0	8	14.98	15	0	3408	585	3.994	3.995	19.2	0	False	-4.248333	-4.246666	-4.258333	4.25	2.9566	0.6882	4.025	4.037	-1	-0.046	3.994	0	0	0	0	0	0	0	0	0	0	0	0	0	0	0	19.2	0	0	0	0	0	0	0	0	0	0	0	0	0	0	0	0	0	0	0	0	0	0	0	0	0	0	0	0	0	0	0	0	0	0	
14/03/2022 15:13:50	0	0	8	14.98	15	0	3402	595	3.992	3.9932	19.2	0	False	-4.25	-4.25	-4.208333	4.25	2.9566	0.7	4.025	4.037	-1	-0.034	3.992	0	0	0	0	0	0	0	0	0	0	0	0	0	0	0	19.2	0	0	0	0	0	0	0	0	0	0	0	0	0	0	0	0	0	0	0	0	0	0	0	0	0	0	0	0	0	0	0	0	0	0	
14/03/2022 15:14:00	0	0	8	14.98	15	0	3420	605	3.99	3.9905	19.2	0	False	-4.248333	-4.241667	-4.241667	4.25	2.9566	0.7118	4.025	4.034	-1	-0.034	3.99	0	0	0	0	0	0	0	0	0	0	0	0	0	0	0	19.2	0	0	0	0	0	0	0	0	0	0	0	0	0	0	0	0	0	0	0	0	0	0	0	0	0	0	0	0	0	0	0	0	0	0	
14/03/2022 15:14:10	0	0	8	14.98	15	0	3402	615	3.987	3.9876	19.2	0	False	-4.251667	-4.253334	-4.258333	4.25	2.9566	0.7236	4.025	4.025	-1	-0.046	3.987	0	0	0	0	0	0	0	0	0	0	0	0	0	0	0	19.2	0	0	0	0	0	0	0	0	0	0	0	0	0	0	0	0	0	0	0	0	0	0	0	0	0	0	0	0	0	0	0	0	0	0	
14/03/2022 15:14:20	0	0	8	14.99	15	0	3408	625	3.984	3.9847	19.2	0	False	-4.248333	-4.245	-4.231667	4.25	2.9566	0.7354	4.014	4.025	-1	-0.034	3.984	0	0	0	0	0	0	0	0	0	0	0	0	0	0	0	19.2	0	0	0	0	0	0	0	0	0	0	0	0	0	0	0	0	0	0	0	0	0	0	0	0	0	0	0	0	0	0	0	0	0	0	
14/03/2022 15:14:30	0	0	8	14.99	15	0	3410	635	3.982	3.9822	19.2	0	False	-4.25	-4.246666	-4.241667	4.25	2.9566	0.7472	4.014	4.025	-1	-0.034	3.982	0	0	0	0	0	0	0	0	0	0	0	0	0	0	0	19.2	0	0	0	0	0	0	0	0	0	0	0	0	0	0	0	0	0	0	0	0	0	0	0	0	0	0	0	0	0	0	0	0	0	0	
14/03/2022 15:14:40	0	0	8	14.98	15	0	3404	645	3.978	3.9789	19.2	0	False	-4.245	-4.253334	-4.253334	4.25	2.9566	0.759	4.014	4.018	-1	-0.034	3.978	0	0	0	0	0	0	0	0	0	0	0	0	0	0	0	19.2	0	0	0	0	0	0	0	0	0	0	0	0	0	0	0	0	0	0	0	0	0	0	0	0	0	0	0	0	0	0	0	0	0	0	
14/03/2022 15:14:50	0	0	8	14.98	15	0	3406	655	3.975	3.976	19.2	0	False	-4.25	-4.248333	-4.231667	4.25	2.9566	0.7708	4.002	4.014	-1	-0.034	3.975	0	0	0	0	0	0	0	0	0	0	0	0	0	0	0	19.2	0	0	0	0	0	0	0	0	0	0	0	0	0	0	0	0	0	0	0	0	0	0	0	0	0	0	0	0	0	0	0	0	0	0	
14/03/2022 15:15:00	0	0	8	14.98	15	0	3404	665	3.972	3.973	19.2	0	False	-4.25	-4.255	-4.258333	4.25	2.9566	0.7826	4.002	4.014	-1	-0.034	3.972	0	0	0	0	0	0	0	0	0	0	0	0	0	0	0	19.2	0	0	0	0	0	0	0	0	0	0	0	0	0	0	0	0	0	0	0	0	0	0	0	0	0	0	0	0	0	0	0	0	0	0	
14/03/2022 15:15:10	0	0	8	14.98	15	0	3410	675	3.969	3.9697	19.2	0	False	-4.246666	-4.243333	-4.231667	4.25	2.9566	0.7944	4.002	4.014	-1	-0.034	3.969	0	0	0	0	0	0	0	0	0	0	0	0	0	0	0	19.2	0	0	0	0	0	0	0	0	0	0	0	0	0	0	0	0	0	0	0	0	0	0	0	0	0	0	0	0	0	0	0	0	0	0	
14/03/2022 15:15:20	0	0	8	14.99	15	0	3412	685	3.965	3.966	19.2	0	False	-4.246666	-4.245	-4.241667	4.25	2.9566	0.8062	4.002	4.002	-1	-0.034	3.965	0	0	0	0	0	0	0	0	0	0	0	0	0	0	0	19.2	0	0	0	0	0	0	0	0	0	0	0	0	0	0	0	0	0	0	0	0	0	0	0	0	0	0	0	0	0	0	0	0	0	0	
14/03/2022 15:15:30	0	0	8	14.99	15	0	3418	695	3.962	3.9627	19.2	0	False	-4.25	-4.246666	-4.246666	4.25	2.9566	0.818	3.991	4.002	-1	-0.046	3.962	0	0	0	0	0	0	0	0	0	0	0	0	0	0	0	19.2	0	0	0	0	0	0	0	0	0	0	0	0	0	0	0	0	0	0	0	0	0	0	0	0	0	0	0	0	0	0	0	0	0	0	
14/03/2022 15:15:40	0	0	8	14.98	15	0	3408	705	3.959	3.9596	19.2	0	False	-4.248333	-4.246666	-4.241667	4.25	2.9566	0.8298	3.991	4.001	-1	-0.034	3.959	0	0	0	0	0	0	0	0	0	0	0	0	0	0	0	19.2	0	0	0	0	0	0	0	0	0	0	0	0	0	0	0	0	0	0	0	0	0	0	0	0	0	0	0	0	0	0	0	0	0	0	
14/03/2022 15:15:50	0	0	8	14.98	15	0	3404	715	3.955	3.9559	19.2	0	False	-4.248333	-4.248333	-4.258333	4.25	2.9566	0.8416	3.991	3.994	-1	-0.034	3.955	0	0	0	0	0	0	0	0	0	0	0	0	0	0	0	19.2	0	0	0	0	0	0	0	0	0	0	0	0	0	0	0	0	0	0	0	0	0	0	0	0	0	0	0	0	0	0	0	0	0	0	
14/03/2022 15:16:00	0	0	8	14.98	15	0	3410	725	3.952	3.9521	19.2	0	False	-4.245	-4.243333	-4.241667	4.25	2.9566	0.8534	3.979	3.991	-1	-0.034	3.952	0	0	0	0	0	0	0	0	0	0	0	0	0	0	0	19.2	0	0	0	0	0	0	0	0	0	0	0	0	0	0	0	0	0	0	0	0	0	0	0	0	0	0	0	0	0	0	0	0	0	0	
14/03/2022 15:16:10	0	0	8	14.99	15	0	3412	734	3.948	3.9485	19.2	0	False	-4.246666	-4.248333	-4.22	4.25	2.9566	0.864	3.968	3.99	-1	-0.034	3.948	0	0	0	0	0	0	0	0	0	0	0	0	0	0	0	19.2	0	0	0	0	0	0	0	0	0	0	0	0	0	0	0	0	0	0	0	0	0	0	0	0	0	0	0	0	0	0	0	0	0	0	
14/03/2022 15:16:20	0	0	8	14.99	15	0	3406	744	3.943	3.9435	19.2	0	False	-4.246666	-4.25	-4.253334	4.25	2.9566	0.8758	3.979	3.984	-1	-0.034	3.943	0	0	0	0	0	0	0	0	0	0	0	0	0	0	0	19.2	0	0	0	0	0	0	0	0	0	0	0	0	0	0	0	0	0	0	0	0	0	0	0	0	0	0	0	0	0	0	0	0	0	0	
14/03/2022 15:16:30	0	0	8	14.98	15	0	3404	754	3.939	3.9397	19.2	0	False	-4.248333	-4.25	-4.231667	4.25	2.9566	0.8876	3.968	3.979	-1	-0.046	3.939	0	0	0	0	0	0	0	0	0	0	0	0	0	0	0	19.2	0	0	0	0	0	0	0	0	0	0	0	0	0	0	0	0	0	0	0	0	0	0	0	0	0	0	0	0	0	0	0	0	0	0	
14/03/2022 15:16:40	0	0	8	14.98	15	0	3414	764	3.935	3.936	19.2	0	False	-4.248333	-4.241667	-4.22	4.25	2.9566	0.8994	3.968	3.979	-1	-0.034	3.935	0	0	0	0	0	0	0	0	0	0	0	0	0	0	0	19.2	0	0	0	0	0	0	0	0	0	0	0	0	0	0	0	0	0	0	0	0	0	0	0	0	0	0	0	0	0	0	0	0	0	0	
14/03/2022 15:16:50	0	0	8	14.98	15	0	3400	774	3.932	3.9322	19.2	0	False	-4.245	-4.251667	-4.253334	4.25	2.9566	0.9112	3.968	3.975	-1	-0.034	3.932	0	0	0	0	0	0	0	0	0	0	0	0	0	0	0	19.2	0	0	0	0	0	0	0	0	0	0	0	0	0	0	0	0	0	0	0	0	0	0	0	0	0	0	0	0	0	0	0	0	0	0	
14/03/2022 15:17:00	0	0	8	14.98	15	0	3406	784	3.928	3.9285	19.2	0	False	-4.245	-4.255	-4.265	4.25	2.9566	0.923	3.968	3.968	-1	-0.046	3.928	0	0	0	0	0	0	0	0	0	0	0	0	0	0	0	19.2	0	0	0	0	0	0	0	0	0	0	0	0	0	0	0	0	0	0	0	0	0	0	0	0	0	0	0	0	0	0	0	0	0	0	
14/03/2022 15:17:10	0	0	8	14.98	15	0	3404	794	3.924	3.9247	19.2	0	False	-4.248333	-4.25	-4.253334	4.25	2.9566	0.9347	3.956	3.968	-1	-0.046	3.924	0	0	0	0	0	0	0	0	0	0	0	0	0	0	0	19.2	0	0	0	0	0	0	0	0	0	0	0	0	0	0	0	0	0	0	0	0	0	0	0	0	0	0	0	0	0	0	0	0	0	0	
14/03/2022 15:17:20	0	0	8	14.99	15	0	3410	804	3.92	3.921	19.2	0	False	-4.246666	-4.25	-4.236667	4.25	2.9566	0.9466	3.956	3.962	-1	-0.034	3.92	0	0	0	0	0	0	0	0	0	0	0	0	0	0	0	19.2	0	0	0	0	0	0	0	0	0	0	0	0	0	0	0	0	0	0	0	0	0	0	0	0	0	0	0	0	0	0	0	0	0	0	
14/03/2022 15:17:30	0	0	8	14.99	15	0	3412	814	3.917	3.9172	19.2	0	False	-4.25	-4.241667	-4.22	4.25	2.9566	0.9584	3.945	3.956	-1	-0.034	3.917	0	0	0	0	0	0	0	0	0	0	0	0	0	0	0	19.2	0	0	0	0	0	0	0	0	0	0	0	0	0	0	0	0	0	0	0	0	0	0	0	0	0	0	0	0	0	0	0	0	0	0	
14/03/2022 15:17:40	0	0	8	14.98	15	0	3414	824	3.913	3.9135	19.2	0	False	-4.246666	-4.241667	-4.241667	4.25	2.9566	0.9702	3.945	3.956	-1	-0.034	3.913	0	0	0	0	0	0	0	0	0	0	0	0	0	0	0	19.2	0	0	0	0	0	0	0	0	0	0	0	0	0	0	0	0	0	0	0	0	0	0	0	0	0	0	0	0	0	0	0	0	0	0	
14/03/2022 15:17:50	0	0	8	14.98	15	0	3404	834	3.909	3.9097	19.2	0	False	-4.251667	-4.253334	-4.265	4.25	2.9566	0.982	3.945	3.947	-1	-0.034	3.909	0	0	0	0	0	0	0	0	0	0	0	0	0	0	0	19.2	0	0	0	0	0	0	0	0	0	0	0	0	0	0	0	0	0	0	0	0	0	0	0	0	0	0	0	0	0	0	0	0	0	0	
14/03/2022 15:18:00	0	0	8	14.98	15	0	3410	844	3.906	3.9067	19.2	0	False	-4.246666	-4.245	-4.241667	4.25	2.9566	0.9938	3.945	3.945	-1	-0.046	3.906	0	0	0	0	0	0	0	0	0	0	0	0	0	0	0	19.2	0	0	0	0	0	0	0	0	0	0	0	0	0	0	0	0	0	0	0	0	0	0	0	0	0	0	0	0	0	0	0	0	0	0	
14/03/2022 15:18:10	0	0	8	14.99	15	0	3412	854	3.903	3.9034	19.2	0	False	-4.248333	-4.248333	-4.253334	4.25	2.9566	1.0056	3.933	3.945	-1	-0.034	3.903	0	0	0	0	0	0	0	0	0	0	0	0	0	0	0	19.2	0	0	0	0	0	0	0	0	0	0	0	0	0	0	0	0	0	0	0	0	0	0	0	0	0	0	0	0	0	0	0	0	0	0	
14/03/2022 15:18:20	0	0	8	14.98	15	0	3406	863	3.899	3.8997	19.2	0	False	-4.25	-4.251667	-4.231667	4.25	2.9566	1.0162	3.933	3.943	-1	-0.034	3.899	0	0	0	0	0	0	0	0	0	0	0	0	0	0	0	19.2	0	0	0	0	0	0	0	0	0	0	0	0	0	0	0	0	0	0	0	0	0	0	0	0	0	0	0	0	0	0	0	0	0	0	
14/03/2022 15:18:30	0	0	8	14.98	15	0	3412	874	3.895	3.896	19.2	0	False	-4.245	-4.241667	-4.236667	4.25	2.9566	1.0291	3.922	3.933	-1	-0.046	3.895	0	0	0	0	0	0	0	0	0	0	0	0	0	0	0	19.2	0	0	0	0	0	0	0	0	0	0	0	0	0	0	0	0	0	0	0	0	0	0	0	0	0	0	0	0	0	0	0	0	0	0	
14/03/2022 15:18:40	0	0	8	14.98	15	0	3410	884	3.892	3.8931	19.2	0	False	-4.245	-4.245	-4.236667	4.25	2.9566	1.0409	3.922	3.933	-1	-0.034	3.892	0	0	0	0	0	0	0	0	0	0	0	0	0	0	0	19.2	0	0	0	0	0	0	0	0	0	0	0	0	0	0	0	0	0	0	0	0	0	0	0	0	0	0	0	0	0	0	0	0	0	0	
14/03/2022 15:18:50	0	0	8	14.99	15	0	3412	894	3.889	3.8897	19.2	0	False	-4.245	-4.243333	-4.236667	4.25	2.9566	1.0527	3.922	3.933	-1	-0.023	3.889	0	0	0	0	0	0	0	0	0	0	0	0	0	0	0	19.2	0	0	0	0	0	0	0	0	0	0	0	0	0	0	0	0	0	0	0	0	0	0	0	0	0	0	0	0	0	0	0	0	0	0	
14/03/2022 15:19:00	0	0	8	14.98	15	0	3410	904	3.886	3.8864	19.2	0	False	-4.246666	-4.246666	-4.276667	4.25	2.9566	1.0645	3.91	3.922	-1	-0.034	3.886	0	0	0	0	0	0	0	0	0	0	0	0	0	0	0	19.2	0	0	0	0	0	0	0	0	0	0	0	0	0	0	0	0	0	0	0	0	0	0	0	0	0	0	0	0	0	0	0	0	0	0	
14/03/2022 15:19:10	0	0	8	14.99	15	0	3414	914	3.883	3.8834	19.2	0	False	-4.246666	-4.243333	-4.22	4.25	2.9566	1.0763	3.91	3.922	-1	-0.046	3.883	0	0	0	0	0	0	0	0	0	0	0	0	0	0	0	19.2	0	0	0	0	0	0	0	0	0	0	0	0	0	0	0	0	0	0	0	0	0	0	0	0	0	0	0	0	0	0	0	0	0	0	
14/03/2022 15:19:20	0	0	8	14.99	15	0	3416	924	3.88	3.8808	19.2	0	False	-4.246666	-4.243333	-4.258333	4.25	2.9566	1.0881	3.91	3.922	-1	-0.034	3.88	0	0	0	0	0	0	0	0	0	0	0	0	0	0	0	19.2	0	0	0	0	0	0	0	0	0	0	0	0	0	0	0	0	0	0	0	0	0	0	0	0	0	0	0	0	0	0	0	0	0	0	
