DateTime	SlaveNum	Cycle	Mode	SupplyVolts	LSupplyVolts	SupplyAmps	PWM	SecTimer	AvgCellVolts	MaxCellVolts	AvgIR	FallBackVolts	CVStarted	SlowAmps	AvgAmps	FastAmps	SetAmps	AhrIN	AhrOUT	PackVolts	AvgPackVolts	Fuel1	SumError	Cell1Volts	Cell2Volts	Cell3Volts	Cell4Volts	Cell5Volts	Cell6Volts	Cell7Volts	Cell8Volts	Cell9Volts	Cell10Volts	Cell11Volts	Cell12Volts	Cell13Volts	Cell14Volts	Cell15Volts	Cell16Volts	Cell1IR	Cell2IR	Cell3IR	Cell4IR	Cell5IR	Cell6IR	Cell7IR	Cell8IR	Cell9IR	Cell10IR	Cell11IR	Cell12IR	Cell13IR	Cell14IR	Cell15IR	Cell16IR	BP1PWM	BP2PWM	BP3PWM	BP4PWM	BP5PWM	BP6PWM	BP7PWM	BP8PWM	BP9PWM	BP10PWM	BP11PWM	BP12PWM	BP13PWM	BP14PWM	BP15PWM	BP16PWM	Debug1	Debug2	Debug3	
14/03/2022 17:09:37	0	0	8	14.99	15.03	0	864	10	4.202	4.2023	0	0	False	0	-0.05333333	-0.3716667	10	0	0	4.243	4.243	-1	-0.046	4.202	0	0	0	0	0	0	0	0	0	0	0	0	0	0	0	0	0	0	0	0	0	0	0	0	0	0	0	0	0	0	0	0	0	0	0	0	0	0	0	0	0	0	0	0	0	0	0	0	0	0	
14/03/2022 17:09:40	0	0	8	14.99	15	0	4104	13	4.182	4.1823	0	0	False	-1.683333	-2.595	-4.46	10	0	0.0016	4.22	4.22	-1	-0.046	4.182	0	0	0	0	0	0	0	0	0	0	0	0	0	0	0	0	0	0	0	0	0	0	0	0	0	0	0	0	0	0	0	0	0	0	0	0	0	0	0	0	0	0	0	0	0	0	0	0	0	0	
14/03/2022 17:09:50	0	0	8	14.99	14.95	0	8147	23	4.107	4.106	0	0	False	-9.698334	-9.923333	-9.986667	10	0	0.0258	4.151	4.151	-1	-0.034	4.107	0	0	0	0	0	0	0	0	0	0	0	0	0	0	0	0	0	0	0	0	0	0	0	0	0	0	0	0	0	0	0	0	0	0	0	0	0	0	0	0	0	0	0	0	0	0	0	0	0	0	
14/03/2022 17:10:00	0	0	8	14.99	14.95	0	8135	33	4.074	4.076	0	0	False	-9.831667	-10.00667	-10.03	10	0	0.0536	4.117	4.117	-1	-0.046	4.074	0	0	0	0	0	0	0	0	0	0	0	0	0	0	0	0	0	0	0	0	0	0	0	0	0	0	0	0	0	0	0	0	0	0	0	0	0	0	0	0	0	0	0	0	0	0	0	0	0	0	
14/03/2022 17:10:10	0	0	8	14.99	14.95	0	8139	43	4.057	4.0572	0	0	False	-9.908334	-10.005	-9.986667	10	0	0.0814	4.094	4.105	-1	-0.046	4.057	0	0	0	0	0	0	0	0	0	0	0	0	0	0	0	0	0	0	0	0	0	0	0	0	0	0	0	0	0	0	0	0	0	0	0	0	0	0	0	0	0	0	0	0	0	0	0	0	0	0	
14/03/2022 17:10:20	0	0	8	14.99	14.95	0	8151	53	4.043	4.0435	0	0	False	-9.946667	-10.005	-9.965	10	0	0.1091	4.082	4.082	-1	-0.034	4.043	0	0	0	0	0	0	0	0	0	0	0	0	0	0	0	0	0	0	0	0	0	0	0	0	0	0	0	0	0	0	0	0	0	0	0	0	0	0	0	0	0	0	0	0	0	0	0	0	0	0	
14/03/2022 17:10:30	0	0	8	14.99	14.95	0	8179	63	4.035	4.0356	0	0	False	-9.968333	-10.00167	-10.01	10	0	0.1369	4.071	4.082	-1	-0.034	4.035	0	0	0	0	0	0	0	0	0	0	0	0	0	0	0	0	0	0	0	0	0	0	0	0	0	0	0	0	0	0	0	0	0	0	0	0	0	0	0	0	0	0	0	0	0	0	0	0	0	0	
14/03/2022 17:10:40	0	0	8	14.99	14.95	0	8191	73	4.028	4.0282	0	0	False	-9.985	-10	-10	10	0	0.1647	4.071	4.071	-1	-0.034	4.028	0	0	0	0	0	0	0	0	0	0	0	0	0	0	0	0	0	0	0	0	0	0	0	0	0	0	0	0	0	0	0	0	0	0	0	0	0	0	0	0	0	0	0	0	0	0	0	0	0	0	
14/03/2022 17:10:50	0	0	8	14.99	14.95	0	8191	83	4.021	4.0221	0	0	False	-10	-10	-9.955	10	0	0.1924	4.06	4.069	-1	-0.046	4.021	0	0	0	0	0	0	0	0	0	0	0	0	0	0	0	0	0	0	0	0	0	0	0	0	0	0	0	0	0	0	0	0	0	0	0	0	0	0	0	0	0	0	0	0	0	0	0	0	0	0	
14/03/2022 17:11:00	0	0	8	14.99	14.95	0	8191	93	4.017	4.0172	0	0	False	-10.00167	-10	-10	10	0	0.2202	4.048	4.06	-1	-0.046	4.017	0	0	0	0	0	0	0	0	0	0	0	0	0	0	0	0	0	0	0	0	0	0	0	0	0	0	0	0	0	0	0	0	0	0	0	0	0	0	0	0	0	0	0	0	0	0	0	0	0	0	
14/03/2022 17:11:10	0	0	8	14.98	14.95	0	8191	103	4.012	4.0124	0	0	False	-10.00333	-10	-9.978333	10	0	0.248	4.048	4.059	-1	-0.034	4.012	0	0	0	0	0	0	0	0	0	0	0	0	0	0	0	0	0	0	0	0	0	0	0	0	0	0	0	0	0	0	0	0	0	0	0	0	0	0	0	0	0	0	0	0	0	0	0	0	0	0	
14/03/2022 17:11:20	0	0	8	14.99	14.95	0	8191	113	4.008	4.0085	0	0	False	-9.998333	-9.998333	-9.966666	10	0	0.2758	4.048	4.048	-1	-0.046	4.008	0	0	0	0	0	0	0	0	0	0	0	0	0	0	0	0	0	0	0	0	0	0	0	0	0	0	0	0	0	0	0	0	0	0	0	0	0	0	0	0	0	0	0	0	0	0	0	0	0	0	
14/03/2022 17:11:30	0	0	8	14.98	14.95	0	8183	123	4.004	4.0049	0	0	False	-10.00167	-10.00333	-10.02	10	0	0.3036	4.037	4.048	-1	-0.034	4.004	0	0	0	0	0	0	0	0	0	0	0	0	0	0	0	0	0	0	0	0	0	0	0	0	0	0	0	0	0	0	0	0	0	0	0	0	0	0	0	0	0	0	0	0	0	0	0	0	0	0	
14/03/2022 17:11:40	0	0	8	14.98	14.95	0	8179	133	4.001	4.0016	0	0	False	-10.00167	-10.00167	-10.01	10	0	0.3313	4.037	4.048	-1	-0.034	4.001	0	0	0	0	0	0	0	0	0	0	0	0	0	0	0	0	0	0	0	0	0	0	0	0	0	0	0	0	0	0	0	0	0	0	0	0	0	0	0	0	0	0	0	0	0	0	0	0	0	0	
14/03/2022 17:11:50	0	0	8	14.99	14.95	0	8187	142	3.998	3.9985	0	0	False	-10.00167	-10	-10	10	0	0.3563	4.037	4.039	-1	-0.034	3.998	0	0	0	0	0	0	0	0	0	0	0	0	0	0	0	0	0	0	0	0	0	0	0	0	0	0	0	0	0	0	0	0	0	0	0	0	0	0	0	0	0	0	0	0	0	0	0	0	0	0	
14/03/2022 17:12:00	0	0	8	14.98	14.95	0	8187	152	3.994	3.9947	0	0	False	-10	-10	-9.976666	10	0	0.384	4.037	4.037	-1	-0.034	3.994	0	0	0	0	0	0	0	0	0	0	0	0	0	0	0	0	0	0	0	0	0	0	0	0	0	0	0	0	0	0	0	0	0	0	0	0	0	0	0	0	0	0	0	0	0	0	0	0	0	0	
14/03/2022 17:12:10	0	0	8	14.99	14.95	0	8187	162	3.991	3.9921	0	0	False	-9.998333	-10.00167	-9.966666	10	0	0.4118	4.025	4.037	-1	-0.034	3.991	0	0	0	0	0	0	0	0	0	0	0	0	0	0	0	0	0	0	0	0	0	0	0	0	0	0	0	0	0	0	0	0	0	0	0	0	0	0	0	0	0	0	0	0	0	0	0	0	0	0	
14/03/2022 17:12:20	0	0	8	14.98	14.95	0	8191	172	3.988	3.9885	0	0	False	-10	-9.998333	-9.978333	10	0	0.4396	4.014	4.025	-1	-0.023	3.988	0	0	0	0	0	0	0	0	0	0	0	0	0	0	0	0	0	0	0	0	0	0	0	0	0	0	0	0	0	0	0	0	0	0	0	0	0	0	0	0	0	0	0	0	0	0	0	0	0	0	
14/03/2022 17:12:30	0	0	8	14.99	14.95	0	8191	182	3.985	3.9855	0	0	False	-10.00167	-10	-10	10	0	0.4673	4.025	4.025	-1	-0.034	3.985	0	0	0	0	0	0	0	0	0	0	0	0	0	0	0	0	0	0	0	0	0	0	0	0	0	0	0	0	0	0	0	0	0	0	0	0	0	0	0	0	0	0	0	0	0	0	0	0	0	0	
14/03/2022 17:12:40	0	0	8	14.99	14.95	0	8175	192	3.982	3.9822	0	0	False	-10	-10.005	-9.988334	10	0	0.4951	4.014	4.025	-1	-0.034	3.982	0	0	0	0	0	0	0	0	0	0	0	0	0	0	0	0	0	0	0	0	0	0	0	0	0	0	0	0	0	0	0	0	0	0	0	0	0	0	0	0	0	0	0	0	0	0	0	0	0	0	
14/03/2022 17:12:50	0	0	8	14.99	14.95	0	8191	202	3.978	3.9785	0	0	False	-10	-9.995	-9.935	10	0	0.5229	4.014	4.02	-1	-0.034	3.978	0	0	0	0	0	0	0	0	0	0	0	0	0	0	0	0	0	0	0	0	0	0	0	0	0	0	0	0	0	0	0	0	0	0	0	0	0	0	0	0	0	0	0	0	0	0	0	0	0	0	
14/03/2022 17:13:00	0	0	8	14.99	14.95	0	8191	212	3.974	3.9747	0	0	False	-9.998333	-10	-10	10	0	0.5506	4.002	4.014	-1	-0.034	3.974	0	0	0	0	0	0	0	0	0	0	0	0	0	0	0	0	0	0	0	0	0	0	0	0	0	0	0	0	0	0	0	0	0	0	0	0	0	0	0	0	0	0	0	0	0	0	0	0	0	0	
14/03/2022 17:13:10	0	0	8	14.99	14.95	0	8191	222	3.97	3.971	0	0	False	-10	-9.998333	-9.978333	10	0	0.5784	4.002	4.014	-1	-0.034	3.97	0	0	0	0	0	0	0	0	0	0	0	0	0	0	0	0	0	0	0	0	0	0	0	0	0	0	0	0	0	0	0	0	0	0	0	0	0	0	0	0	0	0	0	0	0	0	0	0	0	0	
14/03/2022 17:13:20	0	0	8	14.98	14.95	0	8191	232	3.967	3.9672	0	0	False	-10.00167	-10	-10.01	10	0	0.6061	4.002	4.012	-1	-0.034	3.967	0	0	0	0	0	0	0	0	0	0	0	0	0	0	0	0	0	0	0	0	0	0	0	0	0	0	0	0	0	0	0	0	0	0	0	0	0	0	0	0	0	0	0	0	0	0	0	0	0	0	
14/03/2022 17:13:30	0	0	8	14.98	14.95	0	8191	242	3.962	3.9625	0	0	False	-10	-9.993333	-9.976666	10	0	0.6339	3.991	4.002	-1	-0.034	3.962	0	0	0	0	0	0	0	0	0	0	0	0	0	0	0	0	0	0	0	0	0	0	0	0	0	0	0	0	0	0	0	0	0	0	0	0	0	0	0	0	0	0	0	0	0	0	0	0	0	0	
14/03/2022 17:13:40	0	0	8	14.98	14.95	0	8175	252	3.957	3.9574	0	0	False	-9.998333	-10.005	-10.01	10	0	0.6617	3.991	4.002	-1	-0.034	3.957	0	0	0	0	0	0	0	0	0	0	0	0	0	0	0	0	0	0	0	0	0	0	0	0	0	0	0	0	0	0	0	0	0	0	0	0	0	0	0	0	0	0	0	0	0	0	0	0	0	0	
14/03/2022 17:13:50	0	0	8	14.99	14.95	0	8191	262	3.952	3.9522	0	0	False	-9.998333	-9.998333	-10.01	10	0	0.6894	3.979	3.991	-1	-0.046	3.952	0	0	0	0	0	0	0	0	0	0	0	0	0	0	0	0	0	0	0	0	0	0	0	0	0	0	0	0	0	0	0	0	0	0	0	0	0	0	0	0	0	0	0	0	0	0	0	0	0	0	
14/03/2022 17:14:00	0	0	8	14.99	14.95	0	8191	272	3.946	3.9463	0	0	False	-10	-9.998333	-10	10	0	0.7172	3.979	3.991	-1	-0.034	3.946	0	0	0	0	0	0	0	0	0	0	0	0	0	0	0	0	0	0	0	0	0	0	0	0	0	0	0	0	0	0	0	0	0	0	0	0	0	0	0	0	0	0	0	0	0	0	0	0	0	0	
14/03/2022 17:14:10	0	0	8	14.99	14.95	0	8191	282	3.938	3.9385	0	0	False	-9.998333	-10	-10	10	0	0.7449	3.968	3.979	-1	-0.034	3.938	0	0	0	0	0	0	0	0	0	0	0	0	0	0	0	0	0	0	0	0	0	0	0	0	0	0	0	0	0	0	0	0	0	0	0	0	0	0	0	0	0	0	0	0	0	0	0	0	0	0	
14/03/2022 17:14:20	0	0	8	14.99	14.95	0	8191	292	3.931	3.9318	0	0	False	-10	-10	-10	10	0	0.7727	3.968	3.969	-1	-0.046	3.931	0	0	0	0	0	0	0	0	0	0	0	0	0	0	0	0	0	0	0	0	0	0	0	0	0	0	0	0	0	0	0	0	0	0	0	0	0	0	0	0	0	0	0	0	0	0	0	0	0	0	
14/03/2022 17:14:30	0	0	8	14.99	14.95	0	8191	301	3.924	3.9244	0	0	False	-10	-10.00167	-10.01	10	0	0.8005	3.956	3.967	-1	-0.034	3.924	0	0	0	0	0	0	0	0	0	0	0	0	0	0	0	0	0	0	0	0	0	0	0	0	0	0	0	0	0	0	0	0	0	0	0	0	0	0	0	0	0	0	0	0	0	0	0	0	0	0	
14/03/2022 17:14:40	0	0	8	14.99	14.95	0	8191	311	3.916	3.9169	0	0	False	-9.996667	-9.99	-9.988334	10	0	0.8254	3.945	3.956	-1	-0.034	3.916	0	0	0	0	0	0	0	0	0	0	0	0	0	0	0	0	0	0	0	0	0	0	0	0	0	0	0	0	0	0	0	0	0	0	0	0	0	0	0	0	0	0	0	0	0	0	0	0	0	0	
14/03/2022 17:14:50	0	0	8	14.99	14.95	0	8191	321	3.908	3.9085	0	0	False	-10	-9.998333	-9.955	10	0	0.8532	3.945	3.951	-1	-0.023	3.908	0	0	0	0	0	0	0	0	0	0	0	0	0	0	0	0	0	0	0	0	0	0	0	0	0	0	0	0	0	0	0	0	0	0	0	0	0	0	0	0	0	0	0	0	0	0	0	0	0	0	
14/03/2022 17:15:00	0	0	8	14.99	14.95	0	8187	331	3.9	3.9004	0	0	False	-9.998333	-10	-10	10	0	0.881	3.933	3.943	-1	-0.034	3.9	0	0	0	0	0	0	0	0	0	0	0	0	0	0	0	0	0	0	0	0	0	0	0	0	0	0	0	0	0	0	0	0	0	0	0	0	0	0	0	0	0	0	0	0	0	0	0	0	0	0	
14/03/2022 17:15:10	0	0	8	14.99	14.95	0	8183	341	3.892	3.8922	0	0	False	-9.998333	-9.998333	-10.02	10	0	0.9087	3.922	3.933	-1	-0.034	3.892	0	0	0	0	0	0	0	0	0	0	0	0	0	0	0	0	0	0	0	0	0	0	0	0	0	0	0	0	0	0	0	0	0	0	0	0	0	0	0	0	0	0	0	0	0	0	0	0	0	0	
14/03/2022 17:15:20	0	0	8	14.99	14.95	0	8187	351	3.883	3.8839	0	0	False	-9.998333	-9.993333	-10.01	10	0	0.9365	3.91	3.922	-1	-0.046	3.883	0	0	0	0	0	0	0	0	0	0	0	0	0	0	0	0	0	0	0	0	0	0	0	0	0	0	0	0	0	0	0	0	0	0	0	0	0	0	0	0	0	0	0	0	0	0	0	0	0	0	
14/03/2022 17:15:30	0	0	8	14.99	14.95	0	8191	361	3.875	3.8759	0	0	False	-9.995	-9.99	-10	10	0	0.9643	3.91	3.919	-1	-0.034	3.875	0	0	0	0	0	0	0	0	0	0	0	0	0	0	0	0	0	0	0	0	0	0	0	0	0	0	0	0	0	0	0	0	0	0	0	0	0	0	0	0	0	0	0	0	0	0	0	0	0	0	
14/03/2022 17:15:40	0	0	8	14.99	14.95	0	8187	371	3.867	3.8681	0	0	False	-9.998333	-10.00167	-10.01	10	0	0.992	3.899	3.91	-1	-0.034	3.867	0	0	0	0	0	0	0	0	0	0	0	0	0	0	0	0	0	0	0	0	0	0	0	0	0	0	0	0	0	0	0	0	0	0	0	0	0	0	0	0	0	0	0	0	0	0	0	0	0	0	
14/03/2022 17:15:50	0	0	8	14.99	14.95	0	8183	381	3.86	3.8607	0	0	False	-9.998333	-10.00167	-10.01	10	0	1.0198	3.888	3.899	-1	-0.046	3.86	0	0	0	0	0	0	0	0	0	0	0	0	0	0	0	0	0	0	0	0	0	0	0	0	0	0	0	0	0	0	0	0	0	0	0	0	0	0	0	0	0	0	0	0	0	0	0	0	0	0	
14/03/2022 17:16:00	0	0	8	14.98	14.95	0	8191	391	3.853	3.8534	0	0	False	-9.996667	-9.995	-10	10	0	1.0475	3.888	3.895	-1	-0.034	3.853	0	0	0	0	0	0	0	0	0	0	0	0	0	0	0	0	0	0	0	0	0	0	0	0	0	0	0	0	0	0	0	0	0	0	0	0	0	0	0	0	0	0	0	0	0	0	0	0	0	0	
14/03/2022 17:16:10	0	0	8	14.99	14.95	0	8191	401	3.846	3.8466	0	0	False	-9.998333	-9.99	-10	10	0	1.0753	3.876	3.888	-1	-0.034	3.846	0	0	0	0	0	0	0	0	0	0	0	0	0	0	0	0	0	0	0	0	0	0	0	0	0	0	0	0	0	0	0	0	0	0	0	0	0	0	0	0	0	0	0	0	0	0	0	0	0	0	
14/03/2022 17:16:20	0	0	8	14.99	14.95	0	8187	411	3.839	3.8398	0	0	False	-9.996667	-10	-10	10	0	1.103	3.865	3.876	-1	-0.034	3.839	0	0	0	0	0	0	0	0	0	0	0	0	0	0	0	0	0	0	0	0	0	0	0	0	0	0	0	0	0	0	0	0	0	0	0	0	0	0	0	0	0	0	0	0	0	0	0	0	0	0	
14/03/2022 17:16:30	0	0	8	14.99	14.95	0	8179	421	3.833	3.8334	0	0	False	-9.996667	-9.996667	-9.988334	10	0	1.1308	3.865	3.875	-1	-0.034	3.833	0	0	0	0	0	0	0	0	0	0	0	0	0	0	0	0	0	0	0	0	0	0	0	0	0	0	0	0	0	0	0	0	0	0	0	0	0	0	0	0	0	0	0	0	0	0	0	0	0	0	
14/03/2022 17:16:40	0	0	8	14.99	14.95	0	8191	431	3.827	3.8273	0	0	False	-9.998333	-9.995	-9.966666	10	0	1.1586	3.865	3.865	-1	-0.046	3.827	0	0	0	0	0	0	0	0	0	0	0	0	0	0	0	0	0	0	0	0	0	0	0	0	0	0	0	0	0	0	0	0	0	0	0	0	0	0	0	0	0	0	0	0	0	0	0	0	0	0	
14/03/2022 17:16:50	0	0	8	14.99	14.95	0	8187	441	3.821	3.8219	0	0	False	-10.00167	-10.00333	-10.01	10	0	1.1863	3.853	3.863	-1	-0.034	3.821	0	0	0	0	0	0	0	0	0	0	0	0	0	0	0	0	0	0	0	0	0	0	0	0	0	0	0	0	0	0	0	0	0	0	0	0	0	0	0	0	0	0	0	0	0	0	0	0	0	0	
14/03/2022 17:17:00	0	0	8	14.99	14.95	0	8191	451	3.815	3.8159	0	0	False	-9.998333	-9.998333	-9.978333	10	0	1.2141	3.842	3.853	-1	-0.046	3.815	0	0	0	0	0	0	0	0	0	0	0	0	0	0	0	0	0	0	0	0	0	0	0	0	0	0	0	0	0	0	0	0	0	0	0	0	0	0	0	0	0	0	0	0	0	0	0	0	0	0	
14/03/2022 17:17:10	0	0	8	14.98	14.95	0	8187	460	3.81	3.8103	0	0	False	-10	-10	-10	10	0	1.2391	3.842	3.851	-1	-0.034	3.81	0	0	0	0	0	0	0	0	0	0	0	0	0	0	0	0	0	0	0	0	0	0	0	0	0	0	0	0	0	0	0	0	0	0	0	0	0	0	0	0	0	0	0	0	0	0	0	0	0	0	
14/03/2022 17:17:20	0	0	8	14.98	14.95	0	8191	470	3.803	3.8034	0	0	False	-10.00167	-10	-10	10	0	1.2668	3.842	3.842	-1	-0.034	3.803	0	0	0	0	0	0	0	0	0	0	0	0	0	0	0	0	0	0	0	0	0	0	0	0	0	0	0	0	0	0	0	0	0	0	0	0	0	0	0	0	0	0	0	0	0	0	0	0	0	0	
14/03/2022 17:17:30	0	0	8	14.99	14.95	0	8191	480	3.798	3.7983	0	0	False	-9.996667	-10	-10	10	0	1.2946	3.83	3.837	-1	-0.034	3.798	0	0	0	0	0	0	0	0	0	0	0	0	0	0	0	0	0	0	0	0	0	0	0	0	0	0	0	0	0	0	0	0	0	0	0	0	0	0	0	0	0	0	0	0	0	0	0	0	0	0	
14/03/2022 17:17:40	0	0	8	14.99	14.95	0	8179	490	3.792	3.7922	0	0	False	-10	-10	-10.01	10	0	1.3223	3.819	3.83	-1	-0.034	3.792	0	0	0	0	0	0	0	0	0	0	0	0	0	0	0	0	0	0	0	0	0	0	0	0	0	0	0	0	0	0	0	0	0	0	0	0	0	0	0	0	0	0	0	0	0	0	0	0	0	0	
14/03/2022 17:17:50	0	0	8	14.99	14.95	0	8191	500	3.786	3.7872	0	0	False	-10	-9.998333	-9.955	10	0	1.3501	3.819	3.83	-1	-0.034	3.786	0	0	0	0	0	0	0	0	0	0	0	0	0	0	0	0	0	0	0	0	0	0	0	0	0	0	0	0	0	0	0	0	0	0	0	0	0	0	0	0	0	0	0	0	0	0	0	0	0	0	
14/03/2022 17:18:00	0	0	8	14.99	14.95	0	8191	510	3.78	3.7811	0	0	False	-10	-9.998333	-9.978333	10	0	1.3778	3.819	3.819	-1	-0.034	3.78	0	0	0	0	0	0	0	0	0	0	0	0	0	0	0	0	0	0	0	0	0	0	0	0	0	0	0	0	0	0	0	0	0	0	0	0	0	0	0	0	0	0	0	0	0	0	0	0	0	0	
14/03/2022 17:18:10	0	0	8	14.99	14.95	0	8191	520	3.775	3.7757	0	0	False	-9.998333	-10	-10.01	10	0	1.4056	3.807	3.819	-1	-0.034	3.775	0	0	0	0	0	0	0	0	0	0	0	0	0	0	0	0	0	0	0	0	0	0	0	0	0	0	0	0	0	0	0	0	0	0	0	0	0	0	0	0	0	0	0	0	0	0	0	0	0	0	
14/03/2022 17:18:20	0	0	8	14.99	14.95	0	8191	530	3.769	3.7697	0	0	False	-9.996667	-9.996667	-9.978333	10	0	1.4334	3.796	3.807	-1	-0.034	3.769	0	0	0	0	0	0	0	0	0	0	0	0	0	0	0	0	0	0	0	0	0	0	0	0	0	0	0	0	0	0	0	0	0	0	0	0	0	0	0	0	0	0	0	0	0	0	0	0	0	0	
14/03/2022 17:18:30	0	0	8	14.99	14.95	0	8191	540	3.764	3.7641	0	0	False	-9.995	-9.998333	-9.955	10	0	1.4611	3.796	3.804	-1	-0.034	3.764	0	0	0	0	0	0	0	0	0	0	0	0	0	0	0	0	0	0	0	0	0	0	0	0	0	0	0	0	0	0	0	0	0	0	0	0	0	0	0	0	0	0	0	0	0	0	0	0	0	0	
14/03/2022 17:18:40	0	0	8	14.99	14.95	0	8187	550	3.757	3.7581	0	0	False	-9.998333	-10	-10	10	0	1.4889	3.784	3.796	-1	-0.034	3.757	0	0	0	0	0	0	0	0	0	0	0	0	0	0	0	0	0	0	0	0	0	0	0	0	0	0	0	0	0	0	0	0	0	0	0	0	0	0	0	0	0	0	0	0	0	0	0	0	0	0	
14/03/2022 17:18:50	0	0	8	14.99	14.95	0	8187	560	3.751	3.7514	0	0	False	-9.993333	-9.998333	-9.966666	10	0	1.5167	3.784	3.786	-1	-0.023	3.751	0	0	0	0	0	0	0	0	0	0	0	0	0	0	0	0	0	0	0	0	0	0	0	0	0	0	0	0	0	0	0	0	0	0	0	0	0	0	0	0	0	0	0	0	0	0	0	0	0	0	
14/03/2022 17:19:00	0	0	8	14.99	14.95	0	8171	570	3.744	3.745	0	0	False	-9.995	-10.00167	-10.01	10	0	1.5444	3.773	3.784	-1	-0.034	3.744	0	0	0	0	0	0	0	0	0	0	0	0	0	0	0	0	0	0	0	0	0	0	0	0	0	0	0	0	0	0	0	0	0	0	0	0	0	0	0	0	0	0	0	0	0	0	0	0	0	0	
14/03/2022 17:19:10	0	0	8	14.99	14.95	0	8191	580	3.738	3.7386	0	0	False	-9.995	-9.995	-10	10	0	1.5721	3.773	3.773	-1	-0.023	3.738	0	0	0	0	0	0	0	0	0	0	0	0	0	0	0	0	0	0	0	0	0	0	0	0	0	0	0	0	0	0	0	0	0	0	0	0	0	0	0	0	0	0	0	0	0	0	0	0	0	0	
14/03/2022 17:19:20	0	0	8	14.99	14.95	0	8183	590	3.731	3.7322	0	0	False	-10	-10.00167	-10.01	10	0	1.5999	3.761	3.773	-1	-0.034	3.731	0	0	0	0	0	0	0	0	0	0	0	0	0	0	0	0	0	0	0	0	0	0	0	0	0	0	0	0	0	0	0	0	0	0	0	0	0	0	0	0	0	0	0	0	0	0	0	0	0	0	
14/03/2022 17:19:30	0	0	8	14.99	14.95	0	8191	600	3.725	3.7254	0	0	False	-9.995	-9.996667	-10	10	0	1.6276	3.761	3.761	-1	-0.034	3.725	0	0	0	0	0	0	0	0	0	0	0	0	0	0	0	0	0	0	0	0	0	0	0	0	0	0	0	0	0	0	0	0	0	0	0	0	0	0	0	0	0	0	0	0	0	0	0	0	0	0	
14/03/2022 17:19:40	0	0	8	14.99	14.95	0	8191	609	3.718	3.7184	0	0	False	-10	-10	-10	10	0	1.6554	3.738	3.754	-1	-0.034	3.718	0	0	0	0	0	0	0	0	0	0	0	0	0	0	0	0	0	0	0	0	0	0	0	0	0	0	0	0	0	0	0	0	0	0	0	0	0	0	0	0	0	0	0	0	0	0	0	0	0	0	
14/03/2022 17:19:50	0	0	8	14.99	14.95	0	8183	619	3.711	3.7116	0	0	False	-10	-9.993333	-10.02	10	0	1.6803	3.738	3.75	-1	-0.034	3.711	0	0	0	0	0	0	0	0	0	0	0	0	0	0	0	0	0	0	0	0	0	0	0	0	0	0	0	0	0	0	0	0	0	0	0	0	0	0	0	0	0	0	0	0	0	0	0	0	0	0	
14/03/2022 17:20:00	0	0	8	14.99	14.95	0	8191	629	3.704	3.7046	0	0	False	-10	-10	-10	10	0	1.7081	3.727	3.738	-1	-0.023	3.704	0	0	0	0	0	0	0	0	0	0	0	0	0	0	0	0	0	0	0	0	0	0	0	0	0	0	0	0	0	0	0	0	0	0	0	0	0	0	0	0	0	0	0	0	0	0	0	0	0	0	
14/03/2022 17:20:10	0	0	8	14.98	14.97	0	6975	639	3.7	3.701	0	0	False	-9.288333	-8.751667	-8.475	10	0	1.7342	3.727	3.738	-1	-0.023	3.7	0	0	0	0	0	0	0	0	0	0	0	0	0	0	0	0	0	0	0	0	0	0	0	0	0	0	0	0	0	0	0	0	0	0	0	0	0	0	0	0	0	0	0	0	0	0	0	0	0	0	
14/03/2022 17:20:20	0	0	8	14.99	14.98	0	6437	649	3.7	3.701	0	0	False	-8.09	-7.891667	-7.805	10	0	1.757	3.738	3.738	-1	-0.034	3.7	0	0	0	0	0	0	0	0	0	0	0	0	0	0	0	0	0	0	0	0	0	0	0	0	0	0	0	0	0	0	0	0	0	0	0	0	0	0	0	0	0	0	0	0	0	0	0	0	0	0	
14/03/2022 17:20:30	0	0	8	14.99	14.98	0	5899	659	3.7	3.7011	0	0	False	-7.403333	-7.21	-7.21	10	0	1.7776	3.727	3.738	-1	-0.046	3.7	0	0	0	0	0	0	0	0	0	0	0	0	0	0	0	0	0	0	0	0	0	0	0	0	0	0	0	0	0	0	0	0	0	0	0	0	0	0	0	0	0	0	0	0	0	0	0	0	0	0	
14/03/2022 17:20:40	0	0	8	14.99	14.99	0	5303	669	3.701	3.7012	0	0	False	-6.8	-6.456666	-6.388333	10	0	1.7964	3.738	3.738	-1	-0.023	3.701	0	0	0	0	0	0	0	0	0	0	0	0	0	0	0	0	0	0	0	0	0	0	0	0	0	0	0	0	0	0	0	0	0	0	0	0	0	0	0	0	0	0	0	0	0	0	0	0	0	0	
14/03/2022 17:20:50	0	0	8	14.98	14.99	0	4819	679	3.7	3.7009	0	0	False	-6.113333	-6.05	-5.903333	10	0	1.8136	3.738	3.738	-1	-0.034	3.7	0	0	0	0	0	0	0	0	0	0	0	0	0	0	0	0	0	0	0	0	0	0	0	0	0	0	0	0	0	0	0	0	0	0	0	0	0	0	0	0	0	0	0	0	0	0	0	0	0	0	
14/03/2022 17:21:00	0	0	8	14.99	14.99	0	4527	687	3.7	3.7009	0	0	False	-6.001667	-5.68	-5.525	10	0	1.8264	3.727	3.738	-1	-0.023	3.7	0	0	0	0	0	0	0	0	0	0	0	0	0	0	0	0	0	0	0	0	0	0	0	0	0	0	0	0	0	0	0	0	0	0	0	0	0	0	0	0	0	0	0	0	0	0	0	0	0	0	
14/03/2022 17:21:10	0	0	8	14.99	14.99	0	4265	699	3.7	3.7009	0	0	False	-5.371666	-5.113333	-5.125	10	0	1.844	3.738	3.738	-1	-0.046	3.7	0	0	0	0	0	0	0	0	0	0	0	0	0	0	0	0	0	0	0	0	0	0	0	0	0	0	0	0	0	0	0	0	0	0	0	0	0	0	0	0	0	0	0	0	0	0	0	0	0	0	
14/03/2022 17:21:20	0	0	8	14.99	15	0	3955	709	3.7	3.7009	0	0	False	-5.15	-4.736667	-4.736667	10	0	1.8574	3.738	3.738	-1	-0.023	3.7	0	0	0	0	0	0	0	0	0	0	0	0	0	0	0	0	0	0	0	0	0	0	0	0	0	0	0	0	0	0	0	0	0	0	0	0	0	0	0	0	0	0	0	0	0	0	0	0	0	0	
14/03/2022 17:21:30	0	0	8	14.99	15	0	3359	719	3.7	3.7009	0	0	False	-4.515	-4.303333	-4.05	10	0	1.8698	3.738	3.738	-1	-0.034	3.7	0	0	0	0	0	0	0	0	0	0	0	0	0	0	0	0	0	0	0	0	0	0	0	0	0	0	0	0	0	0	0	0	0	0	0	0	0	0	0	0	0	0	0	0	0	0	0	0	0	0	
14/03/2022 17:21:40	0	0	8	14.99	15	0	3053	729	3.7	3.7009	0	0	False	-4.36	-4.058333	-3.763333	10	0	1.8812	3.738	3.738	-1	-0.034	3.7	0	0	0	0	0	0	0	0	0	0	0	0	0	0	0	0	0	0	0	0	0	0	0	0	0	0	0	0	0	0	0	0	0	0	0	0	0	0	0	0	0	0	0	0	0	0	0	0	0	0	
14/03/2022 17:21:50	0	0	8	14.99	15.01	0	2979	739	3.701	3.7021	0	0	False	-3.818333	-3.586667	-3.531667	10	0	1.8916	3.738	3.738	-1	-0.023	3.701	0	0	0	0	0	0	0	0	0	0	0	0	0	0	0	0	0	0	0	0	0	0	0	0	0	0	0	0	0	0	0	0	0	0	0	0	0	0	0	0	0	0	0	0	0	0	0	0	0	0	
14/03/2022 17:22:00	0	0	8	14.99	15.01	0	2959	749	3.7	3.7011	0	0	False	-3.723333	-3.55	-3.493333	10	0	1.9016	3.727	3.738	-1	-0.034	3.7	0	0	0	0	0	0	0	0	0	0	0	0	0	0	0	0	0	0	0	0	0	0	0	0	0	0	0	0	0	0	0	0	0	0	0	0	0	0	0	0	0	0	0	0	0	0	0	0	0	0	
14/03/2022 17:22:10	0	0	8	14.99	15.01	0	2595	759	3.7	3.701	0	0	False	-3.533333	-3.216667	-3.091667	10	0	1.9107	3.738	3.738	-1	-0.034	3.7	0	0	0	0	0	0	0	0	0	0	0	0	0	0	0	0	0	0	0	0	0	0	0	0	0	0	0	0	0	0	0	0	0	0	0	0	0	0	0	0	0	0	0	0	0	0	0	0	0	0	
14/03/2022 17:22:20	0	0	8	14.99	15.01	0	2401	768	3.7	3.7009	0	0	False	-3.351667	-2.995	-2.925	10	0	1.9184	3.738	3.738	-1	-0.034	3.7	0	0	0	0	0	0	0	0	0	0	0	0	0	0	0	0	0	0	0	0	0	0	0	0	0	0	0	0	0	0	0	0	0	0	0	0	0	0	0	0	0	0	0	0	0	0	0	0	0	0	
14/03/2022 17:22:30	0	0	8	14.99	15.01	0	2269	778	3.7	3.7009	0	0	False	-3.19	-2.921667	-2.838333	10	0	1.9266	3.738	3.738	-1	-0.034	3.7	0	0	0	0	0	0	0	0	0	0	0	0	0	0	0	0	0	0	0	0	0	0	0	0	0	0	0	0	0	0	0	0	0	0	0	0	0	0	0	0	0	0	0	0	0	0	0	0	0	0	
14/03/2022 17:22:40	0	0	8	14.99	15.01	0	2137	788	3.7	3.701	0	0	False	-2.995	-2.696667	-2.613333	10	0	1.9343	3.738	3.738	-1	-0.034	3.7	0	0	0	0	0	0	0	0	0	0	0	0	0	0	0	0	0	0	0	0	0	0	0	0	0	0	0	0	0	0	0	0	0	0	0	0	0	0	0	0	0	0	0	0	0	0	0	0	0	0	
14/03/2022 17:22:50	0	0	8	14.98	15.01	0	1943	798	3.7	3.7009	0	0	False	-2.816667	-2.545	-2.405	10	0	1.9415	3.738	3.738	-1	-0.034	3.7	0	0	0	0	0	0	0	0	0	0	0	0	0	0	0	0	0	0	0	0	0	0	0	0	0	0	0	0	0	0	0	0	0	0	0	0	0	0	0	0	0	0	0	0	0	0	0	0	0	0	
14/03/2022 17:23:00	0	0	8	14.99	15.01	0	1869	808	3.7	3.7009	0	0	False	-2.636667	-2.248333	-2.243333	10	0	1.9481	3.738	3.738	-1	-0.034	3.7	0	0	0	0	0	0	0	0	0	0	0	0	0	0	0	0	0	0	0	0	0	0	0	0	0	0	0	0	0	0	0	0	0	0	0	0	0	0	0	0	0	0	0	0	0	0	0	0	0	0	
14/03/2022 17:23:10	0	0	8	14.98	15.01	0	1737	818	3.7	3.7009	0	0	False	-2.48	-2.208333	-2.086667	10	0	1.9544	3.738	3.738	-1	-0.046	3.7	0	0	0	0	0	0	0	0	0	0	0	0	0	0	0	0	0	0	0	0	0	0	0	0	0	0	0	0	0	0	0	0	0	0	0	0	0	0	0	0	0	0	0	0	0	0	0	0	0	0	
14/03/2022 17:23:20	0	0	8	14.98	15.02	0	1721	828	3.7	3.701	0	0	False	-2.32	-2.073333	-2.048333	10	0	1.9603	3.727	3.738	-1	-0.023	3.7	0	0	0	0	0	0	0	0	0	0	0	0	0	0	0	0	0	0	0	0	0	0	0	0	0	0	0	0	0	0	0	0	0	0	0	0	0	0	0	0	0	0	0	0	0	0	0	0	0	0	
14/03/2022 17:23:30	0	0	8	14.98	15.02	0	1415	838	3.7	3.701	0	0	False	-2.181667	-1.893333	-1.693333	10	0	1.9658	3.727	3.738	-1	-0.023	3.7	0	0	0	0	0	0	0	0	0	0	0	0	0	0	0	0	0	0	0	0	0	0	0	0	0	0	0	0	0	0	0	0	0	0	0	0	0	0	0	0	0	0	0	0	0	0	0	0	0	0	
14/03/2022 17:23:40	0	0	8	14.99	15.02	0	1453	848	3.7	3.7009	0	0	False	-2.031667	-1.78	-1.728333	10	0	1.9709	3.738	3.738	-1	-0.034	3.7	0	0	0	0	0	0	0	0	0	0	0	0	0	0	0	0	0	0	0	0	0	0	0	0	0	0	0	0	0	0	0	0	0	0	0	0	0	0	0	0	0	0	0	0	0	0	0	0	0	0	
14/03/2022 17:23:50	0	0	8	14.98	15.02	0	1379	858	3.7	3.7009	0	0	False	-1.903333	-1.715	-1.626667	10	0	1.9757	3.727	3.738	-1	-0.023	3.7	0	0	0	0	0	0	0	0	0	0	0	0	0	0	0	0	0	0	0	0	0	0	0	0	0	0	0	0	0	0	0	0	0	0	0	0	0	0	0	0	0	0	0	0	0	0	0	0	0	0	
14/03/2022 17:24:00	0	0	8	14.99	15.02	0	1363	868	3.7	3.7009	0	0	False	-1.8	-1.611667	-1.59	10	0	1.9804	3.738	3.738	-1	-0.034	3.7	0	0	0	0	0	0	0	0	0	0	0	0	0	0	0	0	0	0	0	0	0	0	0	0	0	0	0	0	0	0	0	0	0	0	0	0	0	0	0	0	0	0	0	0	0	0	0	0	0	0	
14/03/2022 17:24:10	0	0	8	14.99	15.02	0	1289	878	3.7	3.7009	0	0	False	-1.706667	-1.545	-1.49	10	0	1.9848	3.738	3.738	-1	-0.034	3.7	0	0	0	0	0	0	0	0	0	0	0	0	0	0	0	0	0	0	0	0	0	0	0	0	0	0	0	0	0	0	0	0	0	0	0	0	0	0	0	0	0	0	0	0	0	0	0	0	0	0	
14/03/2022 17:24:20	0	0	8	14.99	15.02	0	1215	888	3.7	3.7009	0	0	False	-1.59	-1.425	-1.415	10	0	1.9888	3.738	3.738	-1	-0.023	3.7	0	0	0	0	0	0	0	0	0	0	0	0	0	0	0	0	0	0	0	0	0	0	0	0	0	0	0	0	0	0	0	0	0	0	0	0	0	0	0	0	0	0	0	0	0	0	0	0	0	0	
14/03/2022 17:24:30	0	0	8	14.99	15.02	0	1137	898	3.7	3.7009	0	0	False	-1.521667	-1.405	-1.376667	10	0	1.9927	3.727	3.738	-1	-0.034	3.7	0	0	0	0	0	0	0	0	0	0	0	0	0	0	0	0	0	0	0	0	0	0	0	0	0	0	0	0	0	0	0	0	0	0	0	0	0	0	0	0	0	0	0	0	0	0	0	0	0	0	
14/03/2022 17:24:40	0	0	8	14.98	15.02	0	1179	908	3.7	3.7011	0	0	False	-1.423333	-1.268333	-1.343333	10	0	1.9963	3.738	3.738	-1	-0.034	3.7	0	0	0	0	0	0	0	0	0	0	0	0	0	0	0	0	0	0	0	0	0	0	0	0	0	0	0	0	0	0	0	0	0	0	0	0	0	0	0	0	0	0	0	0	0	0	0	0	0	0	
14/03/2022 17:24:50	0	0	8	14.98	15.02	0	1163	918	3.701	3.7021	0	0	False	-1.333333	-1.255	-1.381667	10	0	1.9997	3.738	3.738	-1	-0.034	3.701	0	0	0	0	0	0	0	0	0	0	0	0	0	0	0	0	0	0	0	0	0	0	0	0	0	0	0	0	0	0	0	0	0	0	0	0	0	0	0	0	0	0	0	0	0	0	0	0	0	0	
14/03/2022 17:25:00	0	0	8	14.99	15.02	0	857	927	3.701	3.7016	0	0	False	-1.275	-1.221667	-1.091667	10	0	2.003	3.738	3.738	-1	-0.034	3.701	0	0	0	0	0	0	0	0	0	0	0	0	0	0	0	0	0	0	0	0	0	0	0	0	0	0	0	0	0	0	0	0	0	0	0	0	0	0	0	0	0	0	0	0	0	0	0	0	0	0	
14/03/2022 17:25:10	0	0	8	14.98	15.02	0	899	937	3.701	3.7013	0	0	False	-1.23	-1.17	-1.051667	10	0	2.0059	3.738	3.738	-1	-0.034	3.701	0	0	0	0	0	0	0	0	0	0	0	0	0	0	0	0	0	0	0	0	0	0	0	0	0	0	0	0	0	0	0	0	0	0	0	0	0	0	0	0	0	0	0	0	0	0	0	0	0	0	
14/03/2022 17:25:20	0	0	8	14.98	15.02	0	941	947	3.7	3.7009	0	0	False	-1.163333	-1.07	-1.08	10	0	2.0089	3.727	3.738	-1	-0.023	3.7	0	0	0	0	0	0	0	0	0	0	0	0	0	0	0	0	0	0	0	0	0	0	0	0	0	0	0	0	0	0	0	0	0	0	0	0	0	0	0	0	0	0	0	0	0	0	0	0	0	0	
14/03/2022 17:25:30	0	0	8	14.98	15.02	0	751	957	3.701	3.7013	0	0	False	-1.103333	-0.9016666	-0.79	10	0	2.0116	3.738	3.738	-1	-0.023	3.701	0	0	0	0	0	0	0	0	0	0	0	0	0	0	0	0	0	0	0	0	0	0	0	0	0	0	0	0	0	0	0	0	0	0	0	0	0	0	0	0	0	0	0	0	0	0	0	0	0	0	
14/03/2022 17:25:40	0	0	8	14.98	15.02	0	851	967	3.7	3.7009	0	0	False	-1.04	-0.9466667	-0.9366667	10	0	2.0143	3.738	3.738	-1	-0.034	3.7	0	0	0	0	0	0	0	0	0	0	0	0	0	0	0	0	0	0	0	0	0	0	0	0	0	0	0	0	0	0	0	0	0	0	0	0	0	0	0	0	0	0	0	0	0	0	0	0	0	0	
14/03/2022 17:25:50	0	0	8	14.99	15.02	0	835	977	3.701	3.7012	0	0	False	-0.985	-0.8933333	-0.9266667	10	0	2.0168	3.727	3.738	-1	-0.023	3.701	0	0	0	0	0	0	0	0	0	0	0	0	0	0	0	0	0	0	0	0	0	0	0	0	0	0	0	0	0	0	0	0	0	0	0	0	0	0	0	0	0	0	0	0	0	0	0	0	0	0	
14/03/2022 17:26:00	0	0	8	14.98	15.02	0	819	987	3.7	3.701	0	0	False	-0.945	-0.8933333	-0.8833333	10	0	2.0192	3.738	3.738	-1	-0.034	3.7	0	0	0	0	0	0	0	0	0	0	0	0	0	0	0	0	0	0	0	0	0	0	0	0	0	0	0	0	0	0	0	0	0	0	0	0	0	0	0	0	0	0	0	0	0	0	0	0	0	0	
14/03/2022 17:26:10	0	0	8	14.98	15.02	0	625	997	3.7	3.7009	0	0	False	-0.8933333	-0.8483334	-0.74	10	0	2.0215	3.738	3.738	-1	-0.023	3.7	0	0	0	0	0	0	0	0	0	0	0	0	0	0	0	0	0	0	0	0	0	0	0	0	0	0	0	0	0	0	0	0	0	0	0	0	0	0	0	0	0	0	0	0	0	0	0	0	0	0	
14/03/2022 17:26:20	0	0	8	14.98	15.02	0	667	1007	3.7	3.7009	0	0	False	-0.8583333	-0.7783333	-0.68	10	0	2.0237	3.738	3.738	-1	-0.034	3.7	0	0	0	0	0	0	0	0	0	0	0	0	0	0	0	0	0	0	0	0	0	0	0	0	0	0	0	0	0	0	0	0	0	0	0	0	0	0	0	0	0	0	0	0	0	0	0	0	0	0	
14/03/2022 17:26:30	0	0	8	14.98	15.02	0	709	1017	3.7	3.7009	0	0	False	-0.825	-0.8083333	-0.7733333	10	0	2.0259	3.738	3.738	-1	-0.034	3.7	0	0	0	0	0	0	0	0	0	0	0	0	0	0	0	0	0	0	0	0	0	0	0	0	0	0	0	0	0	0	0	0	0	0	0	0	0	0	0	0	0	0	0	0	0	0	0	0	0	0	
14/03/2022 17:26:40	0	0	8	14.98	15.02	0	693	1027	3.7	3.701	0	0	False	-0.7816667	-0.7183333	-0.725	10	0	2.0279	3.738	3.738	-1	-0.023	3.7	0	0	0	0	0	0	0	0	0	0	0	0	0	0	0	0	0	0	0	0	0	0	0	0	0	0	0	0	0	0	0	0	0	0	0	0	0	0	0	0	0	0	0	0	0	0	0	0	0	0	
14/03/2022 17:26:50	0	0	8	14.98	15.02	0	619	1037	3.7	3.7009	0	0	False	-0.7433333	-0.6983333	-0.725	10	0	2.0298	3.738	3.738	-1	-0.034	3.7	0	0	0	0	0	0	0	0	0	0	0	0	0	0	0	0	0	0	0	0	0	0	0	0	0	0	0	0	0	0	0	0	0	0	0	0	0	0	0	0	0	0	0	0	0	0	0	0	0	0	
