DateTime	SlaveNum	Cycle	Mode	SupplyVolts	LSupplyVolts	SupplyAmps	PWM	SecTimer	AvgCellVolts	MaxCellVolts	AvgIR	FallBackVolts	CVStarted	SlowAmps	AvgAmps	FastAmps	SetAmps	AhrIN	AhrOUT	PackVolts	AvgPackVolts	Fuel1	SumError	Cell1Volts	Cell2Volts	Cell3Volts	Cell4Volts	Cell5Volts	Cell6Volts	Cell7Volts	Cell8Volts	Cell9Volts	Cell10Volts	Cell11Volts	Cell12Volts	Cell13Volts	Cell14Volts	Cell15Volts	Cell16Volts	Cell1IR	Cell2IR	Cell3IR	Cell4IR	Cell5IR	Cell6IR	Cell7IR	Cell8IR	Cell9IR	Cell10IR	Cell11IR	Cell12IR	Cell13IR	Cell14IR	Cell15IR	Cell16IR	BP1PWM	BP2PWM	BP3PWM	BP4PWM	BP5PWM	BP6PWM	BP7PWM	BP8PWM	BP9PWM	BP10PWM	BP11PWM	BP12PWM	BP13PWM	BP14PWM	BP15PWM	BP16PWM	Debug1	Debug2	Debug3	
15/03/2022 17:09:20	0	0	6	14.98	15.03	0	1943	11	3.541	3.5421	0	0	False	0	0	0	4.2	0	0	3.566	3.566	57	-0.034	3.541	0	0	0	0	0	0	0	0	0	0	0	0	0	0	0	0	0	0	0	0	0	0	0	0	0	0	0	0	0	0	0	0	0	0	0	0	0	0	0	0	0	0	0	0	0	0	0	0	0	0	
15/03/2022 17:09:23	0	0	6	15.01	15.02	1.1	2141	14	3.574	3.5759	0	0	False	0.005	0.66	4.218333	4.2	0.0005	0	3.601	3.601	57.5	-0.023	3.574	0	0	0	0	0	0	0	0	0	0	0	0	0	0	0	21.1	0	0	0	0	0	0	0	0	0	0	0	0	0	0	0	0	0	0	0	0	0	0	0	0	0	0	0	0	0	0	0	0	0	0	
15/03/2022 17:09:33	0	0	6	15.02	15.02	1.1	2155	24	3.604	3.6046	21.1	0	False	3.93	4.173333	4.171667	4.2	0.0121	0	3.635	3.635	59.5	-0.023	3.604	0	0	0	0	0	0	0	0	0	0	0	0	0	0	0	21.1	0	0	0	0	0	0	0	0	0	0	0	0	0	0	0	0	0	0	0	0	0	0	0	0	0	0	0	0	0	0	0	0	0	0	
15/03/2022 17:09:43	0	0	6	15.02	15.02	1.1	2161	34	3.616	3.6159	20.8	0	False	4.045	4.19	4.186666	4.2	0.0238	0	3.647	3.635	60.1	-0.023	3.616	0	0	0	0	0	0	0	0	0	0	0	0	0	0	0	20.8	0	0	0	0	0	0	0	0	0	0	0	0	0	0	0	0	0	0	0	0	0	0	0	0	0	0	0	0	0	0	0	0	0	0	
15/03/2022 17:09:53	0	0	6	15.02	15.02	1.1	2169	44	3.625	3.6246	20.9	0	False	4.11	4.198333	4.281667	4.2	0.0354	0	3.658	3.647	60.6	-0.034	3.625	0	0	0	0	0	0	0	0	0	0	0	0	0	0	0	20.9	0	0	0	0	0	0	0	0	0	0	0	0	0	0	0	0	0	0	0	0	0	0	0	0	0	0	0	0	0	0	0	0	0	0	
15/03/2022 17:10:03	0	0	6	15.01	15.02	1.1	2169	54	3.63	3.6309	21	0	False	4.15	4.206666	4.181667	4.2	0.0471	0	3.658	3.658	60.8	-0.034	3.63	0	0	0	0	0	0	0	0	0	0	0	0	0	0	0	21	0	0	0	0	0	0	0	0	0	0	0	0	0	0	0	0	0	0	0	0	0	0	0	0	0	0	0	0	0	0	0	0	0	0	
15/03/2022 17:10:13	0	0	6	15.02	15.02	1.1	2173	64	3.636	3.6371	20.7	0	False	4.168334	4.196667	4.233333	4.2	0.0587	0	3.658	3.658	61.1	-0.023	3.636	0	0	0	0	0	0	0	0	0	0	0	0	0	0	0	20.7	0	0	0	0	0	0	0	0	0	0	0	0	0	0	0	0	0	0	0	0	0	0	0	0	0	0	0	0	0	0	0	0	0	0	
15/03/2022 17:10:23	0	0	6	15.02	15.02	1.1	2175	74	3.641	3.6421	20.8	0	False	4.185	4.215	4.161667	4.2	0.0704	0	3.67	3.67	61.3	-0.034	3.641	0	0	0	0	0	0	0	0	0	0	0	0	0	0	0	20.8	0	0	0	0	0	0	0	0	0	0	0	0	0	0	0	0	0	0	0	0	0	0	0	0	0	0	0	0	0	0	0	0	0	0	
15/03/2022 17:10:33	0	0	6	15.02	15.02	1.1	2179	84	3.645	3.6459	20.8	0	False	4.196667	4.201667	4.085	4.2	0.082	0	3.67	3.681	61.6	-0.023	3.645	0	0	0	0	0	0	0	0	0	0	0	0	0	0	0	20.8	0	0	0	0	0	0	0	0	0	0	0	0	0	0	0	0	0	0	0	0	0	0	0	0	0	0	0	0	0	0	0	0	0	0	
15/03/2022 17:10:43	0	0	6	15.02	15.02	1.2	2181	94	3.649	3.6498	20.9	0	False	4.193333	4.181667	4.25	4.2	0.0937	0	3.681	3.681	61.8	-0.034	3.649	0	0	0	0	0	0	0	0	0	0	0	0	0	0	0	20.9	0	0	0	0	0	0	0	0	0	0	0	0	0	0	0	0	0	0	0	0	0	0	0	0	0	0	0	0	0	0	0	0	0	0	
15/03/2022 17:10:53	0	0	6	15.02	15.02	1.1	2179	104	3.653	3.6534	20.7	0	False	4.2	4.206666	4.101666	4.2	0.1054	0	3.681	3.681	61.9	-0.034	3.653	0	0	0	0	0	0	0	0	0	0	0	0	0	0	0	20.7	0	0	0	0	0	0	0	0	0	0	0	0	0	0	0	0	0	0	0	0	0	0	0	0	0	0	0	0	0	0	0	0	0	0	
15/03/2022 17:11:03	0	0	6	15.02	15.02	1.2	2183	114	3.656	3.6571	20.7	0	False	4.193333	4.215	4.273334	4.2	0.117	0	3.681	3.691	62.1	-0.023	3.656	0	0	0	0	0	0	0	0	0	0	0	0	0	0	0	20.7	0	0	0	0	0	0	0	0	0	0	0	0	0	0	0	0	0	0	0	0	0	0	0	0	0	0	0	0	0	0	0	0	0	0	
15/03/2022 17:11:13	0	0	6	15.02	15.02	1.1	2183	124	3.659	3.6596	20.6	0	False	4.193333	4.206666	4.228333	4.2	0.1287	0	3.693	3.693	62.2	-0.034	3.659	0	0	0	0	0	0	0	0	0	0	0	0	0	0	0	20.6	0	0	0	0	0	0	0	0	0	0	0	0	0	0	0	0	0	0	0	0	0	0	0	0	0	0	0	0	0	0	0	0	0	0	
15/03/2022 17:11:23	0	0	6	15.02	15.02	1.1	2187	134	3.662	3.6628	20.7	0	False	4.193333	4.181667	4.178333	4.2	0.1403	0	3.693	3.693	62.4	-0.034	3.662	0	0	0	0	0	0	0	0	0	0	0	0	0	0	0	20.7	0	0	0	0	0	0	0	0	0	0	0	0	0	0	0	0	0	0	0	0	0	0	0	0	0	0	0	0	0	0	0	0	0	0	
15/03/2022 17:11:33	0	0	6	15.02	15.02	1.1	2187	144	3.664	3.665	20.5	0	False	4.195	4.185	4.151667	4.2	0.152	0	3.693	3.693	62.6	-0.034	3.664	0	0	0	0	0	0	0	0	0	0	0	0	0	0	0	20.5	0	0	0	0	0	0	0	0	0	0	0	0	0	0	0	0	0	0	0	0	0	0	0	0	0	0	0	0	0	0	0	0	0	0	
15/03/2022 17:11:43	0	0	6	15.02	15.02	1.1	2189	153	3.666	3.6671	20.5	0	False	4.195	4.186666	4.128334	4.2	0.1625	0	3.693	3.698	62.6	-0.023	3.666	0	0	0	0	0	0	0	0	0	0	0	0	0	0	0	20.5	0	0	0	0	0	0	0	0	0	0	0	0	0	0	0	0	0	0	0	0	0	0	0	0	0	0	0	0	0	0	0	0	0	0	
15/03/2022 17:11:53	0	0	6	15.02	15.02	1.1	2191	163	3.669	3.6696	20.6	0	False	4.196667	4.181667	4.178333	4.2	0.1741	0	3.693	3.704	62.7	-0.034	3.669	0	0	0	0	0	0	0	0	0	0	0	0	0	0	0	20.6	0	0	0	0	0	0	0	0	0	0	0	0	0	0	0	0	0	0	0	0	0	0	0	0	0	0	0	0	0	0	0	0	0	0	
15/03/2022 17:12:03	0	0	6	15.02	15.02	1.2	2193	173	3.673	3.6734	20.5	0	False	4.196667	4.216667	4.25	4.2	0.1858	0	3.704	3.704	62.9	-0.034	3.673	0	0	0	0	0	0	0	0	0	0	0	0	0	0	0	20.5	0	0	0	0	0	0	0	0	0	0	0	0	0	0	0	0	0	0	0	0	0	0	0	0	0	0	0	0	0	0	0	0	0	0	
15/03/2022 17:12:13	0	0	6	15.02	15.02	1.1	2193	183	3.675	3.6759	20.6	0	False	4.196667	4.196667	4.235	4.2	0.1975	0	3.704	3.704	63.1	-0.034	3.675	0	0	0	0	0	0	0	0	0	0	0	0	0	0	0	20.6	0	0	0	0	0	0	0	0	0	0	0	0	0	0	0	0	0	0	0	0	0	0	0	0	0	0	0	0	0	0	0	0	0	0	
15/03/2022 17:12:23	0	0	6	15.02	15.02	1.1	2195	193	3.677	3.6784	20.6	0	False	4.201667	4.203333	4.185	4.2	0.2091	0	3.704	3.705	63.1	-0.034	3.677	0	0	0	0	0	0	0	0	0	0	0	0	0	0	0	20.6	0	0	0	0	0	0	0	0	0	0	0	0	0	0	0	0	0	0	0	0	0	0	0	0	0	0	0	0	0	0	0	0	0	0	
15/03/2022 17:12:33	0	0	6	15.02	15.02	1.2	2197	203	3.679	3.6801	20.4	0	False	4.195	4.211667	4.276667	4.2	0.2208	0	3.704	3.71	63.3	-0.023	3.679	0	0	0	0	0	0	0	0	0	0	0	0	0	0	0	20.4	0	0	0	0	0	0	0	0	0	0	0	0	0	0	0	0	0	0	0	0	0	0	0	0	0	0	0	0	0	0	0	0	0	0	
15/03/2022 17:12:43	0	0	6	15.02	15.02	1.2	2197	213	3.681	3.6821	20.2	0	False	4.195	4.203333	4.25	4.2	0.2325	0	3.704	3.716	63.3	-0.023	3.681	0	0	0	0	0	0	0	0	0	0	0	0	0	0	0	20.2	0	0	0	0	0	0	0	0	0	0	0	0	0	0	0	0	0	0	0	0	0	0	0	0	0	0	0	0	0	0	0	0	0	0	
15/03/2022 17:12:53	0	0	6	15.02	15.02	1.2	2197	223	3.683	3.6836	20.3	0	False	4.201667	4.205	4.2	4.2	0.2441	0	3.704	3.716	63.4	-0.023	3.683	0	0	0	0	0	0	0	0	0	0	0	0	0	0	0	20.3	0	0	0	0	0	0	0	0	0	0	0	0	0	0	0	0	0	0	0	0	0	0	0	0	0	0	0	0	0	0	0	0	0	0	
15/03/2022 17:13:03	0	0	6	15.02	15.02	1.1	2199	233	3.685	3.6859	20.2	0	False	4.198333	4.19	4.19	4.2	0.2557	0	3.716	3.716	63.6	-0.034	3.685	0	0	0	0	0	0	0	0	0	0	0	0	0	0	0	20.2	0	0	0	0	0	0	0	0	0	0	0	0	0	0	0	0	0	0	0	0	0	0	0	0	0	0	0	0	0	0	0	0	0	0	
15/03/2022 17:13:13	0	0	6	15.02	15.02	1.2	2201	243	3.688	3.6884	20.2	0	False	4.2	4.213333	4.25	4.2	0.2674	0	3.716	3.716	63.7	-0.034	3.688	0	0	0	0	0	0	0	0	0	0	0	0	0	0	0	20.2	0	0	0	0	0	0	0	0	0	0	0	0	0	0	0	0	0	0	0	0	0	0	0	0	0	0	0	0	0	0	0	0	0	0	
15/03/2022 17:13:23	0	0	6	15.02	15.02	1.2	2201	253	3.689	3.6897	20.2	0	False	4.201667	4.203333	4.25	4.2	0.2791	0	3.716	3.716	63.8	-0.023	3.689	0	0	0	0	0	0	0	0	0	0	0	0	0	0	0	20.2	0	0	0	0	0	0	0	0	0	0	0	0	0	0	0	0	0	0	0	0	0	0	0	0	0	0	0	0	0	0	0	0	0	0	
15/03/2022 17:13:33	0	0	6	15.02	15.02	1.1	2201	263	3.69	3.6912	20.2	0	False	4.2	4.205	4.211667	4.2	0.2907	0	3.716	3.721	63.8	-0.023	3.69	0	0	0	0	0	0	0	0	0	0	0	0	0	0	0	20.2	0	0	0	0	0	0	0	0	0	0	0	0	0	0	0	0	0	0	0	0	0	0	0	0	0	0	0	0	0	0	0	0	0	0	
15/03/2022 17:13:43	0	0	6	15.02	15.02	1.1	2203	273	3.693	3.6934	20	0	False	4.196667	4.191667	4.19	4.2	0.3023	0	3.716	3.727	64	-0.023	3.693	0	0	0	0	0	0	0	0	0	0	0	0	0	0	0	20	0	0	0	0	0	0	0	0	0	0	0	0	0	0	0	0	0	0	0	0	0	0	0	0	0	0	0	0	0	0	0	0	0	0	
15/03/2022 17:13:53	0	0	6	15.02	15.02	1.1	2203	283	3.695	3.6959	20	0	False	4.188334	4.19	4.155	4.2	0.314	0	3.716	3.727	64	-0.034	3.695	0	0	0	0	0	0	0	0	0	0	0	0	0	0	0	20	0	0	0	0	0	0	0	0	0	0	0	0	0	0	0	0	0	0	0	0	0	0	0	0	0	0	0	0	0	0	0	0	0	0	
15/03/2022 17:14:03	0	0	6	15.02	15.02	1.1	2203	293	3.696	3.6972	20	0	False	4.188334	4.201667	4.135	4.2	0.3256	0	3.727	3.727	64.1	-0.023	3.696	0	0	0	0	0	0	0	0	0	0	0	0	0	0	0	20	0	0	0	0	0	0	0	0	0	0	0	0	0	0	0	0	0	0	0	0	0	0	0	0	0	0	0	0	0	0	0	0	0	0	
15/03/2022 17:14:13	0	0	6	15.02	15.02	1.1	2203	303	3.698	3.6997	20.1	0	False	4.193333	4.205	4.116667	4.2	0.3372	0	3.727	3.727	64.2	-0.034	3.698	0	0	0	0	0	0	0	0	0	0	0	0	0	0	0	20.1	0	0	0	0	0	0	0	0	0	0	0	0	0	0	0	0	0	0	0	0	0	0	0	0	0	0	0	0	0	0	0	0	0	0	
15/03/2022 17:14:23	0	0	6	15.02	15.02	1.1	2207	313	3.7	3.7009	20.1	0	False	4.195	4.2	4.173333	4.2	0.3489	0	3.727	3.73	64.3	-0.034	3.7	0	0	0	0	0	0	0	0	0	0	0	0	0	0	0	20.1	0	0	0	0	0	0	0	0	0	0	0	0	0	0	0	0	0	0	0	0	0	0	0	0	0	0	0	0	0	0	0	0	0	0	
15/03/2022 17:14:33	0	0	6	15.02	15.02	1.2	2209	323	3.703	3.7034	19.8	0	False	4.188334	4.188334	4.25	4.2	0.3605	0	3.727	3.738	64.4	-0.023	3.703	0	0	0	0	0	0	0	0	0	0	0	0	0	0	0	19.8	0	0	0	0	0	0	0	0	0	0	0	0	0	0	0	0	0	0	0	0	0	0	0	0	0	0	0	0	0	0	0	0	0	0	
15/03/2022 17:14:43	0	0	6	15.02	15.02	1.2	2209	333	3.704	3.7048	19.8	0	False	4.188334	4.18	4.25	4.2	0.3722	0	3.738	3.738	64.6	-0.034	3.704	0	0	0	0	0	0	0	0	0	0	0	0	0	0	0	19.8	0	0	0	0	0	0	0	0	0	0	0	0	0	0	0	0	0	0	0	0	0	0	0	0	0	0	0	0	0	0	0	0	0	0	
15/03/2022 17:14:53	0	0	6	15.02	15.02	1.1	2207	343	3.706	3.7072	19.9	0	False	4.195	4.205	4.205	4.2	0.3839	0	3.738	3.738	64.6	-0.023	3.706	0	0	0	0	0	0	0	0	0	0	0	0	0	0	0	19.9	0	0	0	0	0	0	0	0	0	0	0	0	0	0	0	0	0	0	0	0	0	0	0	0	0	0	0	0	0	0	0	0	0	0	
15/03/2022 17:15:03	0	0	6	15.02	15.02	1.1	2211	353	3.708	3.7084	20	0	False	4.198333	4.2	4.173333	4.2	0.3955	0	3.738	3.738	64.7	-0.034	3.708	0	0	0	0	0	0	0	0	0	0	0	0	0	0	0	20	0	0	0	0	0	0	0	0	0	0	0	0	0	0	0	0	0	0	0	0	0	0	0	0	0	0	0	0	0	0	0	0	0	0	
15/03/2022 17:15:13	0	0	6	15.02	15.02	1.1	2213	363	3.71	3.7109	20	0	False	4.195	4.193333	4.173333	4.2	0.4072	0	3.738	3.738	64.8	-0.034	3.71	0	0	0	0	0	0	0	0	0	0	0	0	0	0	0	20	0	0	0	0	0	0	0	0	0	0	0	0	0	0	0	0	0	0	0	0	0	0	0	0	0	0	0	0	0	0	0	0	0	0	
15/03/2022 17:15:23	0	0	6	15.03	15.02	1.1	2213	373	3.711	3.7122	19.8	0	False	4.198333	4.188334	4.128334	4.2	0.4189	0	3.738	3.743	64.9	-0.034	3.711	0	0	0	0	0	0	0	0	0	0	0	0	0	0	0	19.8	0	0	0	0	0	0	0	0	0	0	0	0	0	0	0	0	0	0	0	0	0	0	0	0	0	0	0	0	0	0	0	0	0	0	
15/03/2022 17:15:33	0	0	6	15.03	15.02	1.2	2213	383	3.713	3.7142	19.9	0	False	4.205	4.205	4.211667	4.2	0.4306	0	3.75	3.75	64.9	-0.034	3.713	0	0	0	0	0	0	0	0	0	0	0	0	0	0	0	19.9	0	0	0	0	0	0	0	0	0	0	0	0	0	0	0	0	0	0	0	0	0	0	0	0	0	0	0	0	0	0	0	0	0	0	
15/03/2022 17:15:43	0	0	6	15.02	15.02	1.2	2213	392	3.715	3.7159	19.8	0	False	4.2	4.198333	4.195	4.2	0.4411	0	3.738	3.75	65.1	-0.034	3.715	0	0	0	0	0	0	0	0	0	0	0	0	0	0	0	19.8	0	0	0	0	0	0	0	0	0	0	0	0	0	0	0	0	0	0	0	0	0	0	0	0	0	0	0	0	0	0	0	0	0	0	
15/03/2022 17:15:53	0	0	6	15.03	15.02	1.2	2215	402	3.718	3.7184	19.8	0	False	4.195	4.19	4.185	4.2	0.4527	0	3.75	3.75	65.1	-0.034	3.718	0	0	0	0	0	0	0	0	0	0	0	0	0	0	0	19.8	0	0	0	0	0	0	0	0	0	0	0	0	0	0	0	0	0	0	0	0	0	0	0	0	0	0	0	0	0	0	0	0	0	0	
15/03/2022 17:16:03	0	0	6	15.03	15.02	1.1	2215	412	3.719	3.7197	19.8	0	False	4.195	4.186666	4.116667	4.2	0.4644	0	3.75	3.75	65.2	-0.034	3.719	0	0	0	0	0	0	0	0	0	0	0	0	0	0	0	19.8	0	0	0	0	0	0	0	0	0	0	0	0	0	0	0	0	0	0	0	0	0	0	0	0	0	0	0	0	0	0	0	0	0	0	
15/03/2022 17:16:13	0	0	6	15.02	15.02	1.2	2217	422	3.721	3.7222	19.7	0	False	4.19	4.171667	4.205	4.2	0.4761	0	3.75	3.75	65.3	-0.034	3.721	0	0	0	0	0	0	0	0	0	0	0	0	0	0	0	19.7	0	0	0	0	0	0	0	0	0	0	0	0	0	0	0	0	0	0	0	0	0	0	0	0	0	0	0	0	0	0	0	0	0	0	
15/03/2022 17:16:23	0	0	6	15.03	15.02	1.1	2217	432	3.723	3.7236	19.7	0	False	4.193333	4.201667	4.178333	4.2	0.4877	0	3.75	3.754	65.5	-0.034	3.723	0	0	0	0	0	0	0	0	0	0	0	0	0	0	0	19.7	0	0	0	0	0	0	0	0	0	0	0	0	0	0	0	0	0	0	0	0	0	0	0	0	0	0	0	0	0	0	0	0	0	0	
15/03/2022 17:16:33	0	0	6	15.02	15.02	1.2	2219	442	3.725	3.7259	19.8	0	False	4.193333	4.196667	4.173333	4.2	0.4994	0	3.761	3.761	65.6	-0.023	3.725	0	0	0	0	0	0	0	0	0	0	0	0	0	0	0	19.8	0	0	0	0	0	0	0	0	0	0	0	0	0	0	0	0	0	0	0	0	0	0	0	0	0	0	0	0	0	0	0	0	0	0	
15/03/2022 17:16:43	0	0	6	15.03	15.02	1.1	2219	452	3.726	3.7272	19.6	0	False	4.193333	4.191667	4.128334	4.2	0.511	0	3.761	3.761	65.6	-0.034	3.726	0	0	0	0	0	0	0	0	0	0	0	0	0	0	0	19.6	0	0	0	0	0	0	0	0	0	0	0	0	0	0	0	0	0	0	0	0	0	0	0	0	0	0	0	0	0	0	0	0	0	0	
15/03/2022 17:16:53	0	0	6	15.02	15.03	1.1	2221	462	3.729	3.7297	19.7	0	False	4.188334	4.173333	4.096667	4.2	0.5227	0	3.761	3.761	65.7	-0.034	3.729	0	0	0	0	0	0	0	0	0	0	0	0	0	0	0	19.7	0	0	0	0	0	0	0	0	0	0	0	0	0	0	0	0	0	0	0	0	0	0	0	0	0	0	0	0	0	0	0	0	0	0	
15/03/2022 17:17:03	0	0	6	15.02	15.03	1.2	2223	472	3.73	3.7309	19.7	0	False	4.19	4.198333	4.191667	4.2	0.5343	0	3.761	3.761	65.8	-0.034	3.73	0	0	0	0	0	0	0	0	0	0	0	0	0	0	0	19.7	0	0	0	0	0	0	0	0	0	0	0	0	0	0	0	0	0	0	0	0	0	0	0	0	0	0	0	0	0	0	0	0	0	0	
15/03/2022 17:17:13	0	0	6	15.02	15.02	1.1	2223	482	3.733	3.7334	19.9	0	False	4.193333	4.198333	4.151667	4.2	0.546	0	3.761	3.761	65.9	-0.034	3.733	0	0	0	0	0	0	0	0	0	0	0	0	0	0	0	19.9	0	0	0	0	0	0	0	0	0	0	0	0	0	0	0	0	0	0	0	0	0	0	0	0	0	0	0	0	0	0	0	0	0	0	
15/03/2022 17:17:23	0	0	6	15.03	15.02	1.1	2223	492	3.734	3.7354	19.9	0	False	4.193333	4.193333	4.113333	4.2	0.5577	0	3.761	3.763	66	-0.034	3.734	0	0	0	0	0	0	0	0	0	0	0	0	0	0	0	19.9	0	0	0	0	0	0	0	0	0	0	0	0	0	0	0	0	0	0	0	0	0	0	0	0	0	0	0	0	0	0	0	0	0	0	
15/03/2022 17:17:33	0	0	6	15.03	15.03	1.2	2227	502	3.736	3.7372	19.8	0	False	4.198333	4.203333	4.211667	4.2	0.5694	0	3.761	3.773	66.2	-0.023	3.736	0	0	0	0	0	0	0	0	0	0	0	0	0	0	0	19.8	0	0	0	0	0	0	0	0	0	0	0	0	0	0	0	0	0	0	0	0	0	0	0	0	0	0	0	0	0	0	0	0	0	0	
15/03/2022 17:17:43	0	0	6	15.02	15.03	1.2	2227	512	3.739	3.7397	19.8	0	False	4.19	4.191667	4.168334	4.2	0.581	0	3.773	3.773	66.2	-0.034	3.739	0	0	0	0	0	0	0	0	0	0	0	0	0	0	0	19.8	0	0	0	0	0	0	0	0	0	0	0	0	0	0	0	0	0	0	0	0	0	0	0	0	0	0	0	0	0	0	0	0	0	0	
15/03/2022 17:17:53	0	0	6	15.02	15.03	1.2	2227	522	3.74	3.7414	19.8	0	False	4.19	4.2	4.13	4.2	0.5927	0	3.773	3.773	66.3	-0.034	3.74	0	0	0	0	0	0	0	0	0	0	0	0	0	0	0	19.8	0	0	0	0	0	0	0	0	0	0	0	0	0	0	0	0	0	0	0	0	0	0	0	0	0	0	0	0	0	0	0	0	0	0	
15/03/2022 17:18:03	0	0	6	15.03	15.03	1.2	2229	532	3.743	3.7434	19.7	0	False	4.19	4.206666	4.235	4.2	0.6043	0	3.773	3.773	66.4	-0.034	3.743	0	0	0	0	0	0	0	0	0	0	0	0	0	0	0	19.7	0	0	0	0	0	0	0	0	0	0	0	0	0	0	0	0	0	0	0	0	0	0	0	0	0	0	0	0	0	0	0	0	0	0	
15/03/2022 17:18:13	0	0	6	15.02	15.03	1.2	2231	542	3.744	3.7451	19.8	0	False	4.196667	4.191667	4.185	4.2	0.616	0	3.773	3.774	66.5	-0.034	3.744	0	0	0	0	0	0	0	0	0	0	0	0	0	0	0	19.8	0	0	0	0	0	0	0	0	0	0	0	0	0	0	0	0	0	0	0	0	0	0	0	0	0	0	0	0	0	0	0	0	0	0	
15/03/2022 17:18:23	0	0	6	15.02	15.02	1.2	2233	552	3.747	3.7473	19.7	0	False	4.196667	4.201667	4.285	4.2	0.6277	0	3.773	3.778	66.7	-0.011	3.747	0	0	0	0	0	0	0	0	0	0	0	0	0	0	0	19.7	0	0	0	0	0	0	0	0	0	0	0	0	0	0	0	0	0	0	0	0	0	0	0	0	0	0	0	0	0	0	0	0	0	0	
15/03/2022 17:18:33	0	0	6	15.02	15.03	1.2	2233	562	3.749	3.7497	19.7	0	False	4.2	4.201667	4.235	4.2	0.6393	0	3.773	3.784	66.8	-0.034	3.749	0	0	0	0	0	0	0	0	0	0	0	0	0	0	0	19.7	0	0	0	0	0	0	0	0	0	0	0	0	0	0	0	0	0	0	0	0	0	0	0	0	0	0	0	0	0	0	0	0	0	0	
15/03/2022 17:18:43	0	0	6	15.02	15.03	1.1	2235	572	3.751	3.7522	19.8	0	False	4.205	4.198333	4.075	4.2	0.651	0	3.784	3.784	66.8	-0.023	3.751	0	0	0	0	0	0	0	0	0	0	0	0	0	0	0	19.8	0	0	0	0	0	0	0	0	0	0	0	0	0	0	0	0	0	0	0	0	0	0	0	0	0	0	0	0	0	0	0	0	0	0	
15/03/2022 17:18:53	0	0	6	15.02	15.03	1.2	2237	582	3.754	3.7547	19.8	0	False	4.188334	4.18	4.276667	4.2	0.6627	0	3.784	3.784	67	-0.034	3.754	0	0	0	0	0	0	0	0	0	0	0	0	0	0	0	19.8	0	0	0	0	0	0	0	0	0	0	0	0	0	0	0	0	0	0	0	0	0	0	0	0	0	0	0	0	0	0	0	0	0	0	
15/03/2022 17:19:03	0	0	6	15.02	15.03	1.2	2235	592	3.755	3.7565	19.6	0	False	4.188334	4.203333	4.268333	4.2	0.6744	0	3.784	3.784	67.1	-0.034	3.755	0	0	0	0	0	0	0	0	0	0	0	0	0	0	0	19.6	0	0	0	0	0	0	0	0	0	0	0	0	0	0	0	0	0	0	0	0	0	0	0	0	0	0	0	0	0	0	0	0	0	0	
15/03/2022 17:19:13	0	0	6	15.02	15.03	1.2	2235	602	3.758	3.7586	19.6	0	False	4.195	4.211667	4.2	4.2	0.686	0	3.784	3.786	67.2	-0.023	3.758	0	0	0	0	0	0	0	0	0	0	0	0	0	0	0	19.6	0	0	0	0	0	0	0	0	0	0	0	0	0	0	0	0	0	0	0	0	0	0	0	0	0	0	0	0	0	0	0	0	0	0	
15/03/2022 17:19:23	0	0	6	15.02	15.03	1.2	2239	612	3.76	3.7609	19.6	0	False	4.193333	4.181667	4.2	4.2	0.6977	0	3.796	3.796	67.3	-0.023	3.76	0	0	0	0	0	0	0	0	0	0	0	0	0	0	0	19.6	0	0	0	0	0	0	0	0	0	0	0	0	0	0	0	0	0	0	0	0	0	0	0	0	0	0	0	0	0	0	0	0	0	0	
15/03/2022 17:19:33	0	0	6	15.02	15.03	1.1	2239	621	3.763	3.7634	19.6	0	False	4.19	4.171667	4.128334	4.2	0.7082	0	3.784	3.796	67.4	-0.023	3.763	0	0	0	0	0	0	0	0	0	0	0	0	0	0	0	19.6	0	0	0	0	0	0	0	0	0	0	0	0	0	0	0	0	0	0	0	0	0	0	0	0	0	0	0	0	0	0	0	0	0	0	
15/03/2022 17:19:43	0	0	6	15.03	15.02	1.2	2241	631	3.765	3.7659	19.6	0	False	4.198333	4.21	4.228333	4.2	0.7198	0	3.796	3.796	67.6	-0.034	3.765	0	0	0	0	0	0	0	0	0	0	0	0	0	0	0	19.6	0	0	0	0	0	0	0	0	0	0	0	0	0	0	0	0	0	0	0	0	0	0	0	0	0	0	0	0	0	0	0	0	0	0	
15/03/2022 17:19:53	0	0	6	15.03	15.02	1.2	2243	641	3.768	3.7684	19.6	0	False	4.2	4.181667	4.161667	4.2	0.7314	0	3.796	3.801	67.6	-0.034	3.768	0	0	0	0	0	0	0	0	0	0	0	0	0	0	0	19.6	0	0	0	0	0	0	0	0	0	0	0	0	0	0	0	0	0	0	0	0	0	0	0	0	0	0	0	0	0	0	0	0	0	0	
15/03/2022 17:20:03	0	0	6	15.02	15.02	1.2	2243	651	3.77	3.7709	19.6	0	False	4.193333	4.196667	4.135	4.2	0.7431	0	3.796	3.807	67.8	-0.034	3.77	0	0	0	0	0	0	0	0	0	0	0	0	0	0	0	19.6	0	0	0	0	0	0	0	0	0	0	0	0	0	0	0	0	0	0	0	0	0	0	0	0	0	0	0	0	0	0	0	0	0	0	
15/03/2022 17:20:13	0	0	6	15.02	15.02	1.2	2247	661	3.773	3.7734	19.6	0	False	4.193333	4.186666	4.228333	4.2	0.7548	0	3.807	3.807	67.8	-0.034	3.773	0	0	0	0	0	0	0	0	0	0	0	0	0	0	0	19.6	0	0	0	0	0	0	0	0	0	0	0	0	0	0	0	0	0	0	0	0	0	0	0	0	0	0	0	0	0	0	0	0	0	0	
15/03/2022 17:20:23	0	0	6	15.02	15.02	1.2	2249	671	3.775	3.7759	19.6	0	False	4.191667	4.193333	4.266667	4.2	0.7665	0	3.807	3.808	68.1	-0.034	3.775	0	0	0	0	0	0	0	0	0	0	0	0	0	0	0	19.6	0	0	0	0	0	0	0	0	0	0	0	0	0	0	0	0	0	0	0	0	0	0	0	0	0	0	0	0	0	0	0	0	0	0	
15/03/2022 17:20:33	0	0	6	15.03	15.02	1.2	2249	681	3.778	3.7784	19.5	0	False	4.191667	4.198333	4.245	4.2	0.7782	0	3.807	3.809	68.2	-0.034	3.778	0	0	0	0	0	0	0	0	0	0	0	0	0	0	0	19.5	0	0	0	0	0	0	0	0	0	0	0	0	0	0	0	0	0	0	0	0	0	0	0	0	0	0	0	0	0	0	0	0	0	0	
15/03/2022 17:20:43	0	0	6	15.03	15.02	1.2	2249	691	3.78	3.7809	19.7	0	False	4.198333	4.21	4.205	4.2	0.7898	0	3.819	3.819	68.3	-0.034	3.78	0	0	0	0	0	0	0	0	0	0	0	0	0	0	0	19.7	0	0	0	0	0	0	0	0	0	0	0	0	0	0	0	0	0	0	0	0	0	0	0	0	0	0	0	0	0	0	0	0	0	0	
15/03/2022 17:20:53	0	0	6	15.02	15.02	1.2	2251	701	3.783	3.7834	19.7	0	False	4.195	4.181667	4.161667	4.2	0.8015	0	3.819	3.819	68.5	-0.034	3.783	0	0	0	0	0	0	0	0	0	0	0	0	0	0	0	19.7	0	0	0	0	0	0	0	0	0	0	0	0	0	0	0	0	0	0	0	0	0	0	0	0	0	0	0	0	0	0	0	0	0	0	
15/03/2022 17:21:03	0	0	6	15.02	15.02	1.2	2253	711	3.785	3.7859	19.5	0	False	4.191667	4.195	4.238333	4.2	0.8131	0	3.807	3.819	68.6	-0.034	3.785	0	0	0	0	0	0	0	0	0	0	0	0	0	0	0	19.5	0	0	0	0	0	0	0	0	0	0	0	0	0	0	0	0	0	0	0	0	0	0	0	0	0	0	0	0	0	0	0	0	0	0	
15/03/2022 17:21:13	0	0	6	15.03	15.02	1.2	2255	721	3.788	3.7884	19.4	0	False	4.203333	4.2	4.2	4.2	0.8248	0	3.819	3.819	68.7	-0.034	3.788	0	0	0	0	0	0	0	0	0	0	0	0	0	0	0	19.4	0	0	0	0	0	0	0	0	0	0	0	0	0	0	0	0	0	0	0	0	0	0	0	0	0	0	0	0	0	0	0	0	0	0	
15/03/2022 17:21:23	0	0	6	15.03	15.02	1.2	2255	731	3.79	3.7909	19.4	0	False	4.193333	4.168334	4.173333	4.2	0.8365	0	3.819	3.824	68.8	-0.034	3.79	0	0	0	0	0	0	0	0	0	0	0	0	0	0	0	19.4	0	0	0	0	0	0	0	0	0	0	0	0	0	0	0	0	0	0	0	0	0	0	0	0	0	0	0	0	0	0	0	0	0	0	
15/03/2022 17:21:33	0	0	6	15.02	15.02	1.2	2255	741	3.793	3.7937	19.3	0	False	4.193333	4.203333	4.116667	4.2	0.8481	0	3.819	3.83	68.9	-0.023	3.793	0	0	0	0	0	0	0	0	0	0	0	0	0	0	0	19.3	0	0	0	0	0	0	0	0	0	0	0	0	0	0	0	0	0	0	0	0	0	0	0	0	0	0	0	0	0	0	0	0	0	0	
15/03/2022 17:21:43	0	0	6	15.03	15.02	1.2	2257	751	3.796	3.7966	19.3	0	False	4.196667	4.191667	4.178333	4.2	0.8598	0	3.83	3.83	69.1	-0.023	3.796	0	0	0	0	0	0	0	0	0	0	0	0	0	0	0	19.3	0	0	0	0	0	0	0	0	0	0	0	0	0	0	0	0	0	0	0	0	0	0	0	0	0	0	0	0	0	0	0	0	0	0	
15/03/2022 17:21:53	0	0	6	15.03	15.03	1.2	2259	761	3.799	3.7997	19.3	0	False	4.19	4.21	4.14	4.2	0.8714	0	3.83	3.83	69.2	-0.034	3.799	0	0	0	0	0	0	0	0	0	0	0	0	0	0	0	19.3	0	0	0	0	0	0	0	0	0	0	0	0	0	0	0	0	0	0	0	0	0	0	0	0	0	0	0	0	0	0	0	0	0	0	
15/03/2022 17:22:03	0	0	6	15.03	15.03	1.2	2263	771	3.801	3.8022	19.3	0	False	4.196667	4.205	4.211667	4.2	0.8831	0	3.83	3.831	69.3	-0.034	3.801	0	0	0	0	0	0	0	0	0	0	0	0	0	0	0	19.3	0	0	0	0	0	0	0	0	0	0	0	0	0	0	0	0	0	0	0	0	0	0	0	0	0	0	0	0	0	0	0	0	0	0	
15/03/2022 17:22:13	0	0	6	15.03	15.03	1.2	2265	781	3.804	3.8047	19.4	0	False	4.193333	4.186666	4.276667	4.2	0.8948	0	3.83	3.842	69.6	-0.023	3.804	0	0	0	0	0	0	0	0	0	0	0	0	0	0	0	19.4	0	0	0	0	0	0	0	0	0	0	0	0	0	0	0	0	0	0	0	0	0	0	0	0	0	0	0	0	0	0	0	0	0	0	
15/03/2022 17:22:23	0	0	6	15.02	15.03	1.2	2263	791	3.806	3.8072	19.3	0	False	4.193333	4.198333	4.108333	4.2	0.9064	0	3.842	3.842	69.6	-0.034	3.806	0	0	0	0	0	0	0	0	0	0	0	0	0	0	0	19.3	0	0	0	0	0	0	0	0	0	0	0	0	0	0	0	0	0	0	0	0	0	0	0	0	0	0	0	0	0	0	0	0	0	0	
15/03/2022 17:22:33	0	0	6	15.03	15.03	1.2	2263	801	3.811	3.8117	19.4	0	False	4.206666	4.208333	4.108333	4.2	0.9181	0	3.842	3.842	69.8	-0.034	3.811	0	0	0	0	0	0	0	0	0	0	0	0	0	0	0	19.4	0	0	0	0	0	0	0	0	0	0	0	0	0	0	0	0	0	0	0	0	0	0	0	0	0	0	0	0	0	0	0	0	0	0	
15/03/2022 17:22:43	0	0	6	15.03	15.03	1.2	2267	811	3.814	3.8147	19.2	0	False	4.196667	4.226666	4.25	4.2	0.9298	0	3.842	3.843	70	-0.034	3.814	0	0	0	0	0	0	0	0	0	0	0	0	0	0	0	19.2	0	0	0	0	0	0	0	0	0	0	0	0	0	0	0	0	0	0	0	0	0	0	0	0	0	0	0	0	0	0	0	0	0	0	
15/03/2022 17:22:53	0	0	6	15.02	15.03	1.2	2267	821	3.816	3.8172	19	0	False	4.201667	4.216667	4.228333	4.2	0.9414	0	3.842	3.847	70.1	-0.023	3.816	0	0	0	0	0	0	0	0	0	0	0	0	0	0	0	19	0	0	0	0	0	0	0	0	0	0	0	0	0	0	0	0	0	0	0	0	0	0	0	0	0	0	0	0	0	0	0	0	0	0	
15/03/2022 17:23:03	0	0	6	15.02	15.02	1.2	2269	831	3.819	3.8197	19	0	False	4.203333	4.185	4.185	4.2	0.9531	0	3.842	3.853	70.3	-0.023	3.819	0	0	0	0	0	0	0	0	0	0	0	0	0	0	0	19	0	0	0	0	0	0	0	0	0	0	0	0	0	0	0	0	0	0	0	0	0	0	0	0	0	0	0	0	0	0	0	0	0	0	
15/03/2022 17:23:13	0	0	6	15.02	15.03	1.2	2271	840	3.822	3.8231	18.9	0	False	4.196667	4.176667	4.173333	4.2	0.9636	0	3.842	3.853	70.3	-0.034	3.822	0	0	0	0	0	0	0	0	0	0	0	0	0	0	0	18.9	0	0	0	0	0	0	0	0	0	0	0	0	0	0	0	0	0	0	0	0	0	0	0	0	0	0	0	0	0	0	0	0	0	0	
15/03/2022 17:23:23	0	0	6	15.03	15.02	1.2	2273	850	3.825	3.8259	18.9	0	False	4.205	4.205	4.205	4.2	0.9753	0	3.853	3.865	70.5	-0.034	3.825	0	0	0	0	0	0	0	0	0	0	0	0	0	0	0	18.9	0	0	0	0	0	0	0	0	0	0	0	0	0	0	0	0	0	0	0	0	0	0	0	0	0	0	0	0	0	0	0	0	0	0	
15/03/2022 17:23:33	0	0	6	15.03	15.02	1.2	2275	860	3.828	3.8284	19	0	False	4.198333	4.178333	4.19	4.2	0.9869	0	3.865	3.865	70.7	-0.034	3.828	0	0	0	0	0	0	0	0	0	0	0	0	0	0	0	19	0	0	0	0	0	0	0	0	0	0	0	0	0	0	0	0	0	0	0	0	0	0	0	0	0	0	0	0	0	0	0	0	0	0	
15/03/2022 17:23:43	0	0	6	15.03	15.02	1.2	2275	870	3.83	3.8311	19	0	False	4.198333	4.181667	4.135	4.2	0.9986	0	3.865	3.865	70.8	-0.034	3.83	0	0	0	0	0	0	0	0	0	0	0	0	0	0	0	19	0	0	0	0	0	0	0	0	0	0	0	0	0	0	0	0	0	0	0	0	0	0	0	0	0	0	0	0	0	0	0	0	0	0	
15/03/2022 17:23:53	0	0	6	15.03	15.02	1.2	2277	880	3.833	3.8337	19	0	False	4.2	4.205	4.201667	4.2	1.0103	0	3.865	3.865	70.9	-0.034	3.833	0	0	0	0	0	0	0	0	0	0	0	0	0	0	0	19	0	0	0	0	0	0	0	0	0	0	0	0	0	0	0	0	0	0	0	0	0	0	0	0	0	0	0	0	0	0	0	0	0	0	
15/03/2022 17:24:03	0	0	6	15.02	15.02	1.2	2281	890	3.836	3.8372	19	0	False	4.19	4.185	4.266667	4.2	1.0219	0	3.876	3.875	71.1	-0.034	3.836	0	0	0	0	0	0	0	0	0	0	0	0	0	0	0	19	0	0	0	0	0	0	0	0	0	0	0	0	0	0	0	0	0	0	0	0	0	0	0	0	0	0	0	0	0	0	0	0	0	0	
15/03/2022 17:24:13	0	0	6	15.03	15.02	1.2	2281	900	3.839	3.8397	18.9	0	False	4.196667	4.193333	4.2	4.2	1.0336	0	3.876	3.876	71.2	-0.034	3.839	0	0	0	0	0	0	0	0	0	0	0	0	0	0	0	18.9	0	0	0	0	0	0	0	0	0	0	0	0	0	0	0	0	0	0	0	0	0	0	0	0	0	0	0	0	0	0	0	0	0	0	
15/03/2022 17:24:23	0	0	6	15.03	15.02	1.2	2283	910	3.842	3.8427	18.9	0	False	4.193333	4.185	4.178333	4.2	1.0453	0	3.876	3.876	71.4	-0.034	3.842	0	0	0	0	0	0	0	0	0	0	0	0	0	0	0	18.9	0	0	0	0	0	0	0	0	0	0	0	0	0	0	0	0	0	0	0	0	0	0	0	0	0	0	0	0	0	0	0	0	0	0	
15/03/2022 17:24:33	0	0	6	15.03	15.03	1.2	2283	920	3.845	3.8459	18.7	0	False	4.201667	4.22	4.151667	4.2	1.0569	0	3.876	3.876	71.5	-0.034	3.845	0	0	0	0	0	0	0	0	0	0	0	0	0	0	0	18.7	0	0	0	0	0	0	0	0	0	0	0	0	0	0	0	0	0	0	0	0	0	0	0	0	0	0	0	0	0	0	0	0	0	0	
15/03/2022 17:24:43	0	0	6	15.03	15.02	1.2	2285	930	3.847	3.8484	18.8	0	False	4.203333	4.198333	4.19	4.2	1.0686	0	3.876	3.88	71.6	-0.034	3.847	0	0	0	0	0	0	0	0	0	0	0	0	0	0	0	18.8	0	0	0	0	0	0	0	0	0	0	0	0	0	0	0	0	0	0	0	0	0	0	0	0	0	0	0	0	0	0	0	0	0	0	
15/03/2022 17:24:53	0	0	6	15.03	15.02	1.2	2289	940	3.85	3.8509	18.8	0	False	4.191667	4.201667	4.285	4.2	1.0802	0	3.876	3.888	71.8	-0.034	3.85	0	0	0	0	0	0	0	0	0	0	0	0	0	0	0	18.8	0	0	0	0	0	0	0	0	0	0	0	0	0	0	0	0	0	0	0	0	0	0	0	0	0	0	0	0	0	0	0	0	0	0	
15/03/2022 17:25:03	0	0	6	15.02	15.02	1.2	2287	950	3.853	3.8534	18.7	0	False	4.2	4.198333	4.116667	4.2	1.0919	0	3.888	3.888	72	-0.034	3.853	0	0	0	0	0	0	0	0	0	0	0	0	0	0	0	18.7	0	0	0	0	0	0	0	0	0	0	0	0	0	0	0	0	0	0	0	0	0	0	0	0	0	0	0	0	0	0	0	0	0	0	
15/03/2022 17:25:13	0	0	6	15.02	15.02	1.2	2289	960	3.855	3.8561	18.9	0	False	4.198333	4.203333	4.225	4.2	1.1035	0	3.876	3.888	72.1	-0.034	3.855	0	0	0	0	0	0	0	0	0	0	0	0	0	0	0	18.9	0	0	0	0	0	0	0	0	0	0	0	0	0	0	0	0	0	0	0	0	0	0	0	0	0	0	0	0	0	0	0	0	0	0	
15/03/2022 17:25:23	0	0	6	15.02	15.03	1.2	2291	970	3.858	3.8589	18.7	0	False	4.191667	4.205	4.135	4.2	1.1152	0	3.888	3.89	72.2	-0.034	3.858	0	0	0	0	0	0	0	0	0	0	0	0	0	0	0	18.7	0	0	0	0	0	0	0	0	0	0	0	0	0	0	0	0	0	0	0	0	0	0	0	0	0	0	0	0	0	0	0	0	0	0	
15/03/2022 17:25:33	0	0	6	15.02	15.03	1.2	2295	980	3.86	3.8614	18.8	0	False	4.195	4.205	4.235	4.2	1.1269	0	3.888	3.899	72.3	-0.034	3.86	0	0	0	0	0	0	0	0	0	0	0	0	0	0	0	18.8	0	0	0	0	0	0	0	0	0	0	0	0	0	0	0	0	0	0	0	0	0	0	0	0	0	0	0	0	0	0	0	0	0	0	
15/03/2022 17:25:43	0	0	6	15.03	15.03	1.2	2297	990	3.863	3.8644	18.7	0	False	4.193333	4.188334	4.295	4.2	1.1385	0	3.899	3.899	72.5	-0.034	3.863	0	0	0	0	0	0	0	0	0	0	0	0	0	0	0	18.7	0	0	0	0	0	0	0	0	0	0	0	0	0	0	0	0	0	0	0	0	0	0	0	0	0	0	0	0	0	0	0	0	0	0	
15/03/2022 17:25:53	0	0	6	15.02	15.03	1.2	2295	1000	3.867	3.8672	18.7	0	False	4.193333	4.206666	4.148334	4.2	1.1502	0	3.888	3.899	72.6	-0.023	3.867	0	0	0	0	0	0	0	0	0	0	0	0	0	0	0	18.7	0	0	0	0	0	0	0	0	0	0	0	0	0	0	0	0	0	0	0	0	0	0	0	0	0	0	0	0	0	0	0	0	0	0	
15/03/2022 17:26:03	0	0	6	15.03	15.03	1.2	2297	1010	3.869	3.8697	18.9	0	False	4.203333	4.205	4.19	4.2	1.1619	0	3.899	3.9	72.7	-0.034	3.869	0	0	0	0	0	0	0	0	0	0	0	0	0	0	0	18.9	0	0	0	0	0	0	0	0	0	0	0	0	0	0	0	0	0	0	0	0	0	0	0	0	0	0	0	0	0	0	0	0	0	0	
15/03/2022 17:26:13	0	0	6	15.02	15.03	1.2	2301	1020	3.872	3.8722	18.9	0	False	4.191667	4.165	4.185	4.2	1.1735	0	3.899	3.91	72.9	-0.034	3.872	0	0	0	0	0	0	0	0	0	0	0	0	0	0	0	18.9	0	0	0	0	0	0	0	0	0	0	0	0	0	0	0	0	0	0	0	0	0	0	0	0	0	0	0	0	0	0	0	0	0	0	
15/03/2022 17:26:23	0	0	6	15.02	15.03	1.2	2299	1030	3.874	3.8749	18.9	0	False	4.195	4.198333	4.245	4.2	1.1852	0	3.899	3.91	73	-0.023	3.874	0	0	0	0	0	0	0	0	0	0	0	0	0	0	0	18.9	0	0	0	0	0	0	0	0	0	0	0	0	0	0	0	0	0	0	0	0	0	0	0	0	0	0	0	0	0	0	0	0	0	0	
15/03/2022 17:26:33	0	0	6	15.02	15.03	1.2	2303	1040	3.877	3.8777	19	0	False	4.195	4.186666	4.19	4.2	1.1968	0	3.91	3.91	73.2	-0.034	3.877	0	0	0	0	0	0	0	0	0	0	0	0	0	0	0	19	0	0	0	0	0	0	0	0	0	0	0	0	0	0	0	0	0	0	0	0	0	0	0	0	0	0	0	0	0	0	0	0	0	0	
15/03/2022 17:26:43	0	0	6	15.03	15.02	1.2	2305	1049	3.88	3.8809	18.9	0	False	4.193333	4.218333	4.245	4.2	1.2073	0	3.91	3.91	73.3	-0.034	3.88	0	0	0	0	0	0	0	0	0	0	0	0	0	0	0	18.9	0	0	0	0	0	0	0	0	0	0	0	0	0	0	0	0	0	0	0	0	0	0	0	0	0	0	0	0	0	0	0	0	0	0	
15/03/2022 17:26:53	0	0	6	15.03	15.02	1.2	2305	1059	3.883	3.8834	19	0	False	4.196667	4.215	4.245	4.2	1.2189	0	3.922	3.922	73.3	-0.034	3.883	0	0	0	0	0	0	0	0	0	0	0	0	0	0	0	19	0	0	0	0	0	0	0	0	0	0	0	0	0	0	0	0	0	0	0	0	0	0	0	0	0	0	0	0	0	0	0	0	0	0	
15/03/2022 17:27:03	0	0	6	15.03	15.02	1.2	2305	1069	3.885	3.8859	19	0	False	4.198333	4.19	4.19	4.2	1.2306	0	3.91	3.922	73.6	-0.034	3.885	0	0	0	0	0	0	0	0	0	0	0	0	0	0	0	19	0	0	0	0	0	0	0	0	0	0	0	0	0	0	0	0	0	0	0	0	0	0	0	0	0	0	0	0	0	0	0	0	0	0	
15/03/2022 17:27:13	0	0	6	15.03	15.02	1.2	2309	1079	3.888	3.8884	19	0	False	4.191667	4.19	4.27	4.2	1.2422	0	3.922	3.922	73.7	-0.034	3.888	0	0	0	0	0	0	0	0	0	0	0	0	0	0	0	19	0	0	0	0	0	0	0	0	0	0	0	0	0	0	0	0	0	0	0	0	0	0	0	0	0	0	0	0	0	0	0	0	0	0	
15/03/2022 17:27:23	0	0	6	15.03	15.02	1.2	2309	1089	3.89	3.8909	19	0	False	4.195	4.2	4.211667	4.2	1.2538	0	3.922	3.922	73.8	-0.034	3.89	0	0	0	0	0	0	0	0	0	0	0	0	0	0	0	19	0	0	0	0	0	0	0	0	0	0	0	0	0	0	0	0	0	0	0	0	0	0	0	0	0	0	0	0	0	0	0	0	0	0	
15/03/2022 17:27:33	0	0	6	15.03	15.02	1.2	2313	1099	3.893	3.8936	19	0	False	4.195	4.205	4.276667	4.2	1.2655	0	3.922	3.929	74	-0.034	3.893	0	0	0	0	0	0	0	0	0	0	0	0	0	0	0	19	0	0	0	0	0	0	0	0	0	0	0	0	0	0	0	0	0	0	0	0	0	0	0	0	0	0	0	0	0	0	0	0	0	0	
15/03/2022 17:27:43	0	0	6	15.03	15.02	1.2	2313	1109	3.895	3.896	19.1	0	False	4.195	4.196667	4.255	4.2	1.2771	0	3.922	3.933	74.1	-0.034	3.895	0	0	0	0	0	0	0	0	0	0	0	0	0	0	0	19.1	0	0	0	0	0	0	0	0	0	0	0	0	0	0	0	0	0	0	0	0	0	0	0	0	0	0	0	0	0	0	0	0	0	0	
15/03/2022 17:27:53	0	0	6	15.03	15.02	1.2	2315	1119	3.898	3.8985	19.1	0	False	4.201667	4.2	4.2	4.2	1.2888	0	3.933	3.933	74.2	-0.034	3.898	0	0	0	0	0	0	0	0	0	0	0	0	0	0	0	19.1	0	0	0	0	0	0	0	0	0	0	0	0	0	0	0	0	0	0	0	0	0	0	0	0	0	0	0	0	0	0	0	0	0	0	
15/03/2022 17:28:03	0	0	6	15.03	15.02	1.2	2317	1129	3.9	3.901	19	0	False	4.19	4.193333	4.273334	4.2	1.3004	0	3.933	3.933	74.3	-0.034	3.9	0	0	0	0	0	0	0	0	0	0	0	0	0	0	0	19	0	0	0	0	0	0	0	0	0	0	0	0	0	0	0	0	0	0	0	0	0	0	0	0	0	0	0	0	0	0	0	0	0	0	
15/03/2022 17:28:13	0	0	6	15.03	15.02	1.2	2317	1139	3.903	3.9035	18.9	0	False	4.19	4.186666	4.228333	4.2	1.3121	0	3.933	3.936	74.4	-0.034	3.903	0	0	0	0	0	0	0	0	0	0	0	0	0	0	0	18.9	0	0	0	0	0	0	0	0	0	0	0	0	0	0	0	0	0	0	0	0	0	0	0	0	0	0	0	0	0	0	0	0	0	0	
15/03/2022 17:28:23	0	0	6	15.03	15.02	1.2	2319	1149	3.905	3.906	19	0	False	4.2	4.193333	4.178333	4.2	1.3238	0	3.933	3.945	74.6	-0.034	3.905	0	0	0	0	0	0	0	0	0	0	0	0	0	0	0	19	0	0	0	0	0	0	0	0	0	0	0	0	0	0	0	0	0	0	0	0	0	0	0	0	0	0	0	0	0	0	0	0	0	0	
15/03/2022 17:28:33	0	0	6	15.03	15.03	1.2	2319	1159	3.908	3.9085	18.9	0	False	4.19	4.198333	4.151667	4.2	1.3354	0	3.945	3.945	74.7	-0.034	3.908	0	0	0	0	0	0	0	0	0	0	0	0	0	0	0	18.9	0	0	0	0	0	0	0	0	0	0	0	0	0	0	0	0	0	0	0	0	0	0	0	0	0	0	0	0	0	0	0	0	0	0	
15/03/2022 17:28:43	0	0	6	15.03	15.03	1.2	2321	1169	3.91	3.911	19	0	False	4.186666	4.178333	4.211667	4.2	1.347	0	3.945	3.945	74.8	-0.034	3.91	0	0	0	0	0	0	0	0	0	0	0	0	0	0	0	19	0	0	0	0	0	0	0	0	0	0	0	0	0	0	0	0	0	0	0	0	0	0	0	0	0	0	0	0	0	0	0	0	0	0	
15/03/2022 17:28:53	0	0	6	15.03	15.03	1.2	2323	1179	3.913	3.9135	19	0	False	4.198333	4.193333	4.19	4.2	1.3588	0	3.945	3.945	75	-0.034	3.913	0	0	0	0	0	0	0	0	0	0	0	0	0	0	0	19	0	0	0	0	0	0	0	0	0	0	0	0	0	0	0	0	0	0	0	0	0	0	0	0	0	0	0	0	0	0	0	0	0	0	
15/03/2022 17:29:03	0	0	6	15.03	15.03	1.2	2323	1189	3.915	3.916	18.8	0	False	4.188334	4.206666	4.161667	4.2	1.3704	0	3.956	3.952	75	-0.034	3.915	0	0	0	0	0	0	0	0	0	0	0	0	0	0	0	18.8	0	0	0	0	0	0	0	0	0	0	0	0	0	0	0	0	0	0	0	0	0	0	0	0	0	0	0	0	0	0	0	0	0	0	
15/03/2022 17:29:13	0	0	6	15.03	15.03	1.2	2323	1199	3.917	3.9185	18.8	0	False	4.19	4.213333	4.135	4.2	1.382	0	3.945	3.956	75.1	-0.034	3.917	0	0	0	0	0	0	0	0	0	0	0	0	0	0	0	18.8	0	0	0	0	0	0	0	0	0	0	0	0	0	0	0	0	0	0	0	0	0	0	0	0	0	0	0	0	0	0	0	0	0	0	
15/03/2022 17:29:23	0	0	6	15.03	15.03	1.2	2325	1209	3.92	3.921	18.9	0	False	4.2	4.201667	4.178333	4.2	1.3937	0	3.956	3.956	75.2	-0.034	3.92	0	0	0	0	0	0	0	0	0	0	0	0	0	0	0	18.9	0	0	0	0	0	0	0	0	0	0	0	0	0	0	0	0	0	0	0	0	0	0	0	0	0	0	0	0	0	0	0	0	0	0	
15/03/2022 17:29:33	0	0	6	15.03	15.03	1.2	2327	1219	3.922	3.9235	18.8	0	False	4.19	4.2	4.178333	4.2	1.4054	0	3.956	3.956	75.3	-0.034	3.922	0	0	0	0	0	0	0	0	0	0	0	0	0	0	0	18.8	0	0	0	0	0	0	0	0	0	0	0	0	0	0	0	0	0	0	0	0	0	0	0	0	0	0	0	0	0	0	0	0	0	0	
15/03/2022 17:29:43	0	0	6	15.03	15.03	1.2	2327	1229	3.924	3.9252	18.7	0	False	4.19	4.213333	4.245	4.2	1.417	0	3.956	3.956	75.5	-0.034	3.924	0	0	0	0	0	0	0	0	0	0	0	0	0	0	0	18.7	0	0	0	0	0	0	0	0	0	0	0	0	0	0	0	0	0	0	0	0	0	0	0	0	0	0	0	0	0	0	0	0	0	0	
15/03/2022 17:29:53	0	0	6	15.03	15.03	1.2	2329	1239	3.927	3.9272	18.8	0	False	4.198333	4.198333	4.19	4.2	1.4287	0	3.956	3.961	75.7	-0.034	3.927	0	0	0	0	0	0	0	0	0	0	0	0	0	0	0	18.8	0	0	0	0	0	0	0	0	0	0	0	0	0	0	0	0	0	0	0	0	0	0	0	0	0	0	0	0	0	0	0	0	0	0	
15/03/2022 17:30:03	0	0	6	15.02	15.03	1.2	2331	1248	3.929	3.9299	18.7	0	False	4.19	4.186666	4.186666	4.2	1.4391	0	3.968	3.968	75.8	-0.034	3.929	0	0	0	0	0	0	0	0	0	0	0	0	0	0	0	18.7	0	0	0	0	0	0	0	0	0	0	0	0	0	0	0	0	0	0	0	0	0	0	0	0	0	0	0	0	0	0	0	0	0	0	
15/03/2022 17:30:13	0	0	6	15.03	15.03	1.2	2331	1258	3.932	3.9322	18.8	0	False	4.191667	4.183333	4.151667	4.2	1.4508	0	3.968	3.968	75.8	-0.034	3.932	0	0	0	0	0	0	0	0	0	0	0	0	0	0	0	18.8	0	0	0	0	0	0	0	0	0	0	0	0	0	0	0	0	0	0	0	0	0	0	0	0	0	0	0	0	0	0	0	0	0	0	
15/03/2022 17:30:23	0	0	6	15.03	15.03	1.2	2333	1268	3.934	3.9347	18.8	0	False	4.198333	4.206666	4.223333	4.2	1.4624	0	3.956	3.968	76	-0.034	3.934	0	0	0	0	0	0	0	0	0	0	0	0	0	0	0	18.8	0	0	0	0	0	0	0	0	0	0	0	0	0	0	0	0	0	0	0	0	0	0	0	0	0	0	0	0	0	0	0	0	0	0	
15/03/2022 17:30:33	0	0	6	15.02	15.03	1.2	2335	1278	3.936	3.9372	18.8	0	False	4.19	4.168334	4.161667	4.2	1.4741	0	3.968	3.968	76.1	-0.034	3.936	0	0	0	0	0	0	0	0	0	0	0	0	0	0	0	18.8	0	0	0	0	0	0	0	0	0	0	0	0	0	0	0	0	0	0	0	0	0	0	0	0	0	0	0	0	0	0	0	0	0	0	
15/03/2022 17:30:43	0	0	6	15.03	15.03	1.2	2335	1288	3.938	3.9392	18.7	0	False	4.193333	4.19	4.133333	4.2	1.4858	0	3.968	3.979	76.2	-0.034	3.938	0	0	0	0	0	0	0	0	0	0	0	0	0	0	0	18.7	0	0	0	0	0	0	0	0	0	0	0	0	0	0	0	0	0	0	0	0	0	0	0	0	0	0	0	0	0	0	0	0	0	0	
15/03/2022 17:30:53	0	0	6	15.03	15.02	1.2	2337	1298	3.94	3.9411	18.8	0	False	4.193333	4.205	4.223333	4.2	1.4974	0	3.979	3.979	76.3	-0.046	3.94	0	0	0	0	0	0	0	0	0	0	0	0	0	0	0	18.8	0	0	0	0	0	0	0	0	0	0	0	0	0	0	0	0	0	0	0	0	0	0	0	0	0	0	0	0	0	0	0	0	0	0	
15/03/2022 17:31:03	0	0	6	15.03	15.02	1.2	2339	1308	3.944	3.9447	18.8	0	False	4.198333	4.183333	4.173333	4.2	1.5091	0	3.979	3.979	76.6	-0.034	3.944	0	0	0	0	0	0	0	0	0	0	0	0	0	0	0	18.8	0	0	0	0	0	0	0	0	0	0	0	0	0	0	0	0	0	0	0	0	0	0	0	0	0	0	0	0	0	0	0	0	0	0	
15/03/2022 17:31:13	0	0	6	15.03	15.02	1.2	2341	1318	3.947	3.9472	18.7	0	False	4.188334	4.198333	4.266667	4.2	1.5207	0	3.979	3.979	76.6	-0.034	3.947	0	0	0	0	0	0	0	0	0	0	0	0	0	0	0	18.7	0	0	0	0	0	0	0	0	0	0	0	0	0	0	0	0	0	0	0	0	0	0	0	0	0	0	0	0	0	0	0	0	0	0	
15/03/2022 17:31:23	0	0	6	15.03	15.02	1.2	2341	1328	3.948	3.9488	18.4	0	False	4.186666	4.176667	4.24	4.2	1.5324	0	3.979	3.984	76.7	-0.034	3.948	0	0	0	0	0	0	0	0	0	0	0	0	0	0	0	18.4	0	0	0	0	0	0	0	0	0	0	0	0	0	0	0	0	0	0	0	0	0	0	0	0	0	0	0	0	0	0	0	0	0	0	
15/03/2022 17:31:33	0	0	6	15.03	15.03	1.2	2341	1338	3.95	3.951	18.5	0	False	4.2	4.2	4.185	4.2	1.544	0	3.991	3.991	76.8	-0.034	3.95	0	0	0	0	0	0	0	0	0	0	0	0	0	0	0	18.5	0	0	0	0	0	0	0	0	0	0	0	0	0	0	0	0	0	0	0	0	0	0	0	0	0	0	0	0	0	0	0	0	0	0	
15/03/2022 17:31:43	0	0	6	15.03	15.03	1.2	2345	1348	3.953	3.9535	18.4	0	False	4.193333	4.22	4.295	4.2	1.5557	0	3.991	3.991	77	-0.023	3.953	0	0	0	0	0	0	0	0	0	0	0	0	0	0	0	18.4	0	0	0	0	0	0	0	0	0	0	0	0	0	0	0	0	0	0	0	0	0	0	0	0	0	0	0	0	0	0	0	0	0	0	
15/03/2022 17:31:53	0	0	6	15.03	15.02	1.2	2343	1358	3.954	3.9552	18.5	0	False	4.196667	4.205	4.128334	4.2	1.5673	0	3.991	3.991	77	-0.034	3.954	0	0	0	0	0	0	0	0	0	0	0	0	0	0	0	18.5	0	0	0	0	0	0	0	0	0	0	0	0	0	0	0	0	0	0	0	0	0	0	0	0	0	0	0	0	0	0	0	0	0	0	
15/03/2022 17:32:03	0	0	6	15.03	15.02	1.2	2345	1366	3.956	3.9569	18.4	0	False	4.198333	4.196667	4.228333	4.2	1.5767	0	3.991	3.991	77.1	-0.034	3.956	0	0	0	0	0	0	0	0	0	0	0	0	0	0	0	18.4	0	0	0	0	0	0	0	0	0	0	0	0	0	0	0	0	0	0	0	0	0	0	0	0	0	0	0	0	0	0	0	0	0	0	
15/03/2022 17:32:13	0	0	6	15.03	15.02	1.2	2347	1378	3.958	3.9597	18.3	0	False	4.195	4.191667	4.178333	4.2	1.5906	0	3.991	3.992	77.2	-0.034	3.958	0	0	0	0	0	0	0	0	0	0	0	0	0	0	0	18.3	0	0	0	0	0	0	0	0	0	0	0	0	0	0	0	0	0	0	0	0	0	0	0	0	0	0	0	0	0	0	0	0	0	0	
15/03/2022 17:32:23	0	0	6	15.03	15.02	1.2	2347	1388	3.96	3.9613	18.3	0	False	4.196667	4.218333	4.155	4.2	1.6023	0	3.991	4.002	77.3	-0.046	3.96	0	0	0	0	0	0	0	0	0	0	0	0	0	0	0	18.3	0	0	0	0	0	0	0	0	0	0	0	0	0	0	0	0	0	0	0	0	0	0	0	0	0	0	0	0	0	0	0	0	0	0	
15/03/2022 17:32:33	0	0	6	15.03	15.03	1.2	2349	1398	3.963	3.9635	18.3	0	False	4.198333	4.208333	4.211667	4.2	1.6139	0	4.002	4.002	77.5	-0.034	3.963	0	0	0	0	0	0	0	0	0	0	0	0	0	0	0	18.3	0	0	0	0	0	0	0	0	0	0	0	0	0	0	0	0	0	0	0	0	0	0	0	0	0	0	0	0	0	0	0	0	0	0	
15/03/2022 17:32:43	0	0	6	15.03	15.03	1.2	2351	1408	3.965	3.966	18.5	0	False	4.203333	4.211667	4.213333	4.2	1.6256	0	4.002	4.002	77.6	-0.023	3.965	0	0	0	0	0	0	0	0	0	0	0	0	0	0	0	18.5	0	0	0	0	0	0	0	0	0	0	0	0	0	0	0	0	0	0	0	0	0	0	0	0	0	0	0	0	0	0	0	0	0	0	
15/03/2022 17:32:53	0	0	6	15.03	15.03	1.3	2353	1418	3.967	3.9675	18.3	0	False	4.193333	4.176667	4.266667	4.2	1.6372	0	4.002	4.002	77.7	-0.034	3.967	0	0	0	0	0	0	0	0	0	0	0	0	0	0	0	18.3	0	0	0	0	0	0	0	0	0	0	0	0	0	0	0	0	0	0	0	0	0	0	0	0	0	0	0	0	0	0	0	0	0	0	
15/03/2022 17:33:03	0	0	6	15.03	15.02	1.2	2351	1428	3.969	3.9697	18.4	0	False	4.193333	4.21	4.245	4.2	1.6489	0	4.002	4.002	77.7	-0.034	3.969	0	0	0	0	0	0	0	0	0	0	0	0	0	0	0	18.4	0	0	0	0	0	0	0	0	0	0	0	0	0	0	0	0	0	0	0	0	0	0	0	0	0	0	0	0	0	0	0	0	0	0	
15/03/2022 17:33:13	0	0	6	15.03	15.03	1.2	2353	1438	3.972	3.9722	18.3	0	False	4.2	4.201667	4.205	4.2	1.6606	0	4.002	4.009	77.8	-0.034	3.972	0	0	0	0	0	0	0	0	0	0	0	0	0	0	0	18.3	0	0	0	0	0	0	0	0	0	0	0	0	0	0	0	0	0	0	0	0	0	0	0	0	0	0	0	0	0	0	0	0	0	0	
15/03/2022 17:33:23	0	0	6	15.03	15.02	1.3	2357	1448	3.973	3.9743	18.3	0	False	4.193333	4.193333	4.295	4.2	1.6722	0	4.014	4.014	78	-0.034	3.973	0	0	0	0	0	0	0	0	0	0	0	0	0	0	0	18.3	0	0	0	0	0	0	0	0	0	0	0	0	0	0	0	0	0	0	0	0	0	0	0	0	0	0	0	0	0	0	0	0	0	0	
15/03/2022 17:33:33	0	0	6	15.03	15.03	1.2	2355	1457	3.975	3.9761	18.2	0	False	4.19	4.186666	4.14	4.2	1.6827	0	4.014	4.014	78.1	-0.023	3.975	0	0	0	0	0	0	0	0	0	0	0	0	0	0	0	18.2	0	0	0	0	0	0	0	0	0	0	0	0	0	0	0	0	0	0	0	0	0	0	0	0	0	0	0	0	0	0	0	0	0	0	
15/03/2022 17:33:43	0	0	6	15.02	15.03	1.2	2359	1467	3.978	3.9785	18.4	0	False	4.195	4.201667	4.2	4.2	1.6943	0	4.014	4.014	78.2	-0.023	3.978	0	0	0	0	0	0	0	0	0	0	0	0	0	0	0	18.4	0	0	0	0	0	0	0	0	0	0	0	0	0	0	0	0	0	0	0	0	0	0	0	0	0	0	0	0	0	0	0	0	0	0	
15/03/2022 17:33:53	0	0	6	15.03	15.03	1.2	2357	1477	3.98	3.981	18.4	0	False	4.191667	4.178333	4.178333	4.2	1.706	0	4.014	4.014	78.3	-0.034	3.98	0	0	0	0	0	0	0	0	0	0	0	0	0	0	0	18.4	0	0	0	0	0	0	0	0	0	0	0	0	0	0	0	0	0	0	0	0	0	0	0	0	0	0	0	0	0	0	0	0	0	0	
15/03/2022 17:34:03	0	0	6	15.03	15.03	1.3	2361	1487	3.983	3.9835	18.3	0	False	4.196667	4.21	4.266667	4.2	1.7176	0	4.014	4.016	78.4	-0.034	3.983	0	0	0	0	0	0	0	0	0	0	0	0	0	0	0	18.3	0	0	0	0	0	0	0	0	0	0	0	0	0	0	0	0	0	0	0	0	0	0	0	0	0	0	0	0	0	0	0	0	0	0	
15/03/2022 17:34:13	0	0	6	15.03	15.03	1.2	2361	1497	3.985	3.986	18.3	0	False	4.196667	4.186666	4.211667	4.2	1.7293	0	4.014	4.025	78.6	-0.034	3.985	0	0	0	0	0	0	0	0	0	0	0	0	0	0	0	18.3	0	0	0	0	0	0	0	0	0	0	0	0	0	0	0	0	0	0	0	0	0	0	0	0	0	0	0	0	0	0	0	0	0	0	
15/03/2022 17:34:23	0	0	6	15.03	15.03	1.2	2363	1507	3.987	3.9885	18.3	0	False	4.193333	4.178333	4.173333	4.2	1.7409	0	4.025	4.025	78.7	-0.034	3.987	0	0	0	0	0	0	0	0	0	0	0	0	0	0	0	18.3	0	0	0	0	0	0	0	0	0	0	0	0	0	0	0	0	0	0	0	0	0	0	0	0	0	0	0	0	0	0	0	0	0	0	
15/03/2022 17:34:33	0	0	6	15.03	15.03	1.3	2365	1517	3.99	3.991	18.3	0	False	4.196667	4.218333	4.245	4.2	1.7525	0	4.025	4.025	78.8	-0.034	3.99	0	0	0	0	0	0	0	0	0	0	0	0	0	0	0	18.3	0	0	0	0	0	0	0	0	0	0	0	0	0	0	0	0	0	0	0	0	0	0	0	0	0	0	0	0	0	0	0	0	0	0	
15/03/2022 17:34:43	0	0	6	15.03	15.02	1.2	2365	1527	3.992	3.9935	18.4	0	False	4.201667	4.196667	4.19	4.2	1.7642	0	4.025	4.025	78.8	-0.034	3.992	0	0	0	0	0	0	0	0	0	0	0	0	0	0	0	18.4	0	0	0	0	0	0	0	0	0	0	0	0	0	0	0	0	0	0	0	0	0	0	0	0	0	0	0	0	0	0	0	0	0	0	
15/03/2022 17:34:53	0	0	6	15.03	15.03	1.2	2367	1537	3.995	3.996	18.3	0	False	4.188334	4.176667	4.161667	4.2	1.7758	0	4.025	4.029	79.1	-0.034	3.995	0	0	0	0	0	0	0	0	0	0	0	0	0	0	0	18.3	0	0	0	0	0	0	0	0	0	0	0	0	0	0	0	0	0	0	0	0	0	0	0	0	0	0	0	0	0	0	0	0	0	0	
15/03/2022 17:35:03	0	0	6	15.03	15.03	1.2	2367	1547	3.998	3.9985	18.3	0	False	4.191667	4.205	4.116667	4.2	1.7874	0	4.025	4.037	79.2	-0.034	3.998	0	0	0	0	0	0	0	0	0	0	0	0	0	0	0	18.3	0	0	0	0	0	0	0	0	0	0	0	0	0	0	0	0	0	0	0	0	0	0	0	0	0	0	0	0	0	0	0	0	0	0	
15/03/2022 17:35:13	0	0	6	15.03	15.02	1.2	2371	1556	4	4.0011	18.3	0	False	4.2	4.208333	4.205	4.2	1.7979	0	4.037	4.037	79.3	-0.034	4	0	0	0	0	0	0	0	0	0	0	0	0	0	0	0	18.3	0	0	0	0	0	0	0	0	0	0	0	0	0	0	0	0	0	0	0	0	0	0	0	0	0	0	0	0	0	0	0	0	0	0	
15/03/2022 17:35:23	0	0	6	15.03	15.02	1.2	2371	1567	4.004	4.0047	18.2	0	False	4.195	4.236667	4.143333	4.2	1.8108	0	4.037	4.044	79.5	-0.034	4.004	0	0	0	0	0	0	0	0	0	0	0	0	0	0	0	18.2	0	0	0	0	0	0	0	0	0	0	0	0	0	0	0	0	0	0	0	0	0	0	0	0	0	0	0	0	0	0	0	0	0	0	
15/03/2022 17:35:33	0	0	6	15.03	15.02	1.2	2373	1577	4.007	4.0072	18.3	0	False	4.201667	4.198333	4.096667	4.2	1.8224	0	4.048	4.048	79.6	-0.034	4.007	0	0	0	0	0	0	0	0	0	0	0	0	0	0	0	18.3	0	0	0	0	0	0	0	0	0	0	0	0	0	0	0	0	0	0	0	0	0	0	0	0	0	0	0	0	0	0	0	0	0	0	
15/03/2022 17:35:43	0	0	6	15.03	15.02	1.2	2375	1587	4.009	4.0099	18.5	0	False	4.198333	4.18	4.161667	4.2	1.8341	0	4.048	4.048	79.7	-0.046	4.009	0	0	0	0	0	0	0	0	0	0	0	0	0	0	0	18.5	0	0	0	0	0	0	0	0	0	0	0	0	0	0	0	0	0	0	0	0	0	0	0	0	0	0	0	0	0	0	0	0	0	0	
15/03/2022 17:35:53	0	0	6	15.03	15.03	1.3	2377	1597	4.013	4.0135	18.5	0	False	4.195	4.188334	4.273334	4.2	1.8458	0	4.048	4.049	79.9	-0.034	4.013	0	0	0	0	0	0	0	0	0	0	0	0	0	0	0	18.5	0	0	0	0	0	0	0	0	0	0	0	0	0	0	0	0	0	0	0	0	0	0	0	0	0	0	0	0	0	0	0	0	0	0	
15/03/2022 17:36:03	0	0	6	15.03	15.03	1.3	2377	1607	4.015	4.016	18.5	0	False	4.201667	4.201667	4.205	4.2	1.8575	0	4.048	4.057	80.2	-0.034	4.015	0	0	0	0	0	0	0	0	0	0	0	0	0	0	0	18.5	0	0	0	0	0	0	0	0	0	0	0	0	0	0	0	0	0	0	0	0	0	0	0	0	0	0	0	0	0	0	0	0	0	0	
15/03/2022 17:36:13	0	0	6	15.03	15.03	1.2	2377	1617	4.019	4.0197	18.5	0	False	4.195	4.185	4.186666	4.2	1.8691	0	4.06	4.06	80.5	-0.046	4.019	0	0	0	0	0	0	0	0	0	0	0	0	0	0	0	18.5	0	0	0	0	0	0	0	0	0	0	0	0	0	0	0	0	0	0	0	0	0	0	0	0	0	0	0	0	0	0	0	0	0	0	
15/03/2022 17:36:23	0	0	6	15.03	15.03	1.2	2383	1626	4.022	4.0222	18.5	0	False	4.195	4.21	4.19	4.2	1.8796	0	4.06	4.06	80.7	-0.046	4.022	0	0	0	0	0	0	0	0	0	0	0	0	0	0	0	18.5	0	0	0	0	0	0	0	0	0	0	0	0	0	0	0	0	0	0	0	0	0	0	0	0	0	0	0	0	0	0	0	0	0	0	
15/03/2022 17:36:33	0	0	6	15.03	15.03	1.3	2385	1636	4.025	4.026	18.6	0	False	4.191667	4.206666	4.266667	4.2	1.8912	0	4.06	4.06	81.2	-0.034	4.025	0	0	0	0	0	0	0	0	0	0	0	0	0	0	0	18.6	0	0	0	0	0	0	0	0	0	0	0	0	0	0	0	0	0	0	0	0	0	0	0	0	0	0	0	0	0	0	0	0	0	0	
15/03/2022 17:36:43	0	0	6	15.03	15.03	1.3	2385	1646	4.028	4.0286	18.4	0	False	4.198333	4.2	4.211667	4.2	1.9029	0	4.071	4.071	81.4	-0.034	4.028	0	0	0	0	0	0	0	0	0	0	0	0	0	0	0	18.4	0	0	0	0	0	0	0	0	0	0	0	0	0	0	0	0	0	0	0	0	0	0	0	0	0	0	0	0	0	0	0	0	0	0	
15/03/2022 17:36:53	0	0	6	15.03	15.03	1.2	2385	1656	4.032	4.0324	18.5	0	False	4.195	4.193333	4.195	4.2	1.9146	0	4.071	4.071	81.9	-0.034	4.032	0	0	0	0	0	0	0	0	0	0	0	0	0	0	0	18.5	0	0	0	0	0	0	0	0	0	0	0	0	0	0	0	0	0	0	0	0	0	0	0	0	0	0	0	0	0	0	0	0	0	0	
15/03/2022 17:37:03	0	0	6	15.03	15.03	1.3	2391	1666	4.035	4.036	18.5	0	False	4.198333	4.205	4.205	4.2	1.9262	0	4.071	4.071	82.2	-0.034	4.035	0	0	0	0	0	0	0	0	0	0	0	0	0	0	0	18.5	0	0	0	0	0	0	0	0	0	0	0	0	0	0	0	0	0	0	0	0	0	0	0	0	0	0	0	0	0	0	0	0	0	0	
15/03/2022 17:37:13	0	0	6	15.03	15.03	1.2	2389	1676	4.039	4.0397	18.6	0	False	4.201667	4.18	4.19	4.2	1.9379	0	4.071	4.071	82.5	-0.034	4.039	0	0	0	0	0	0	0	0	0	0	0	0	0	0	0	18.6	0	0	0	0	0	0	0	0	0	0	0	0	0	0	0	0	0	0	0	0	0	0	0	0	0	0	0	0	0	0	0	0	0	0	
15/03/2022 17:37:23	0	0	6	15.03	15.03	1.2	2391	1686	4.042	4.0435	18.5	0	False	4.195	4.195	4.14	4.2	1.9496	0	4.071	4.082	82.8	-0.046	4.042	0	0	0	0	0	0	0	0	0	0	0	0	0	0	0	18.5	0	0	0	0	0	0	0	0	0	0	0	0	0	0	0	0	0	0	0	0	0	0	0	0	0	0	0	0	0	0	0	0	0	0	
15/03/2022 17:37:33	0	0	6	15.03	15.03	1.3	2393	1696	4.046	4.0472	18.4	0	False	4.193333	4.2	4.186666	4.2	1.9613	0	4.082	4.082	83.3	-0.034	4.046	0	0	0	0	0	0	0	0	0	0	0	0	0	0	0	18.4	0	0	0	0	0	0	0	0	0	0	0	0	0	0	0	0	0	0	0	0	0	0	0	0	0	0	0	0	0	0	0	0	0	0	
15/03/2022 17:37:43	0	0	6	15.03	15.03	1.2	2395	1706	4.049	4.0504	18.3	0	False	4.191667	4.191667	4.113333	4.2	1.9729	0	4.082	4.082	83.5	-0.034	4.049	0	0	0	0	0	0	0	0	0	0	0	0	0	0	0	18.3	0	0	0	0	0	0	0	0	0	0	0	0	0	0	0	0	0	0	0	0	0	0	0	0	0	0	0	0	0	0	0	0	0	0	
15/03/2022 17:37:53	0	0	6	15.02	15.03	1.3	2399	1716	4.053	4.0536	18.4	0	False	4.193333	4.178333	4.173333	4.2	1.9846	0	4.082	4.092	84.1	-0.034	4.053	0	0	0	0	0	0	0	0	0	0	0	0	0	0	0	18.4	0	0	0	0	0	0	0	0	0	0	0	0	0	0	0	0	0	0	0	0	0	0	0	0	0	0	0	0	0	0	0	0	0	0	
15/03/2022 17:38:03	0	0	6	15.03	15.03	1.2	2399	1726	4.057	4.0579	18.4	0	False	4.19	4.211667	4.14	4.2	1.9962	0	4.094	4.094	84.3	-0.023	4.057	0	0	0	0	0	0	0	0	0	0	0	0	0	0	0	18.4	0	0	0	0	0	0	0	0	0	0	0	0	0	0	0	0	0	0	0	0	0	0	0	0	0	0	0	0	0	0	0	0	0	0	
15/03/2022 17:38:13	0	0	6	15.03	15.02	1.3	2401	1736	4.061	4.0622	18.5	0	False	4.195	4.203333	4.218333	4.2	2.0079	0	4.094	4.098	84.7	-0.034	4.061	0	0	0	0	0	0	0	0	0	0	0	0	0	0	0	18.5	0	0	0	0	0	0	0	0	0	0	0	0	0	0	0	0	0	0	0	0	0	0	0	0	0	0	0	0	0	0	0	0	0	0	
15/03/2022 17:38:23	0	0	6	15.03	15.02	1.3	2405	1746	4.064	4.0652	18.3	0	False	4.191667	4.19	4.235	4.2	2.0195	0	4.105	4.105	85.2	-0.034	4.064	0	0	0	0	0	0	0	0	0	0	0	0	0	0	0	18.3	0	0	0	0	0	0	0	0	0	0	0	0	0	0	0	0	0	0	0	0	0	0	0	0	0	0	0	0	0	0	0	0	0	0	
15/03/2022 17:38:33	0	0	6	15.03	15.02	1.3	2405	1756	4.068	4.069	18.5	0	False	4.198333	4.185	4.185	4.2	2.0312	0	4.105	4.105	85.5	-0.034	4.068	0	0	0	0	0	0	0	0	0	0	0	0	0	0	0	18.5	0	0	0	0	0	0	0	0	0	0	0	0	0	0	0	0	0	0	0	0	0	0	0	0	0	0	0	0	0	0	0	0	0	0	
15/03/2022 17:38:43	0	0	6	15.03	15.02	1.2	2407	1766	4.072	4.0727	18.5	0	False	4.191667	4.2	4.128334	4.2	2.0429	0	4.105	4.106	85.8	-0.034	4.072	0	0	0	0	0	0	0	0	0	0	0	0	0	0	0	18.5	0	0	0	0	0	0	0	0	0	0	0	0	0	0	0	0	0	0	0	0	0	0	0	0	0	0	0	0	0	0	0	0	0	0	
15/03/2022 17:38:53	0	0	6	15.03	15.02	1.3	2409	1776	4.075	4.0763	18.5	0	False	4.195	4.183333	4.178333	4.2	2.0545	0	4.105	4.117	86.4	-0.034	4.075	0	0	0	0	0	0	0	0	0	0	0	0	0	0	0	18.5	0	0	0	0	0	0	0	0	0	0	0	0	0	0	0	0	0	0	0	0	0	0	0	0	0	0	0	0	0	0	0	0	0	0	
15/03/2022 17:39:03	0	0	6	15.03	15.02	1.2	2411	1786	4.081	4.0815	18.4	0	False	4.195	4.206666	4.113333	4.2	2.0662	0	4.117	4.117	86.7	-0.034	4.081	0	0	0	0	0	0	0	0	0	0	0	0	0	0	0	18.4	0	0	0	0	0	0	0	0	0	0	0	0	0	0	0	0	0	0	0	0	0	0	0	0	0	0	0	0	0	0	0	0	0	0	
15/03/2022 17:39:13	0	0	6	15.03	15.03	1.3	2411	1796	4.084	4.0852	18.2	0	False	4.2	4.178333	4.155	4.2	2.0779	0	4.117	4.12	87.3	-0.034	4.084	0	0	0	0	0	0	0	0	0	0	0	0	0	0	0	18.2	0	0	0	0	0	0	0	0	0	0	0	0	0	0	0	0	0	0	0	0	0	0	0	0	0	0	0	0	0	0	0	0	0	0	
15/03/2022 17:39:23	0	0	6	15.03	15.03	1.3	2417	1806	4.088	4.0888	18.1	0	False	4.186666	4.161667	4.128334	4.2	2.0895	0	4.128	4.128	87.6	-0.034	4.088	0	0	0	0	0	0	0	0	0	0	0	0	0	0	0	18.1	0	0	0	0	0	0	0	0	0	0	0	0	0	0	0	0	0	0	0	0	0	0	0	0	0	0	0	0	0	0	0	0	0	0	
15/03/2022 17:39:33	0	0	6	15.03	15.03	1.3	2419	1816	4.092	4.0924	18.1	0	False	4.193333	4.181667	4.173333	4.2	2.1012	0	4.128	4.128	87.9	-0.034	4.092	0	0	0	0	0	0	0	0	0	0	0	0	0	0	0	18.1	0	0	0	0	0	0	0	0	0	0	0	0	0	0	0	0	0	0	0	0	0	0	0	0	0	0	0	0	0	0	0	0	0	0	
15/03/2022 17:39:43	0	0	6	15.03	15.03	1.3	2421	1825	4.095	4.0962	18	0	False	4.191667	4.195	4.223333	4.2	2.1116	0	4.128	4.131	88.3	-0.034	4.095	0	0	0	0	0	0	0	0	0	0	0	0	0	0	0	18	0	0	0	0	0	0	0	0	0	0	0	0	0	0	0	0	0	0	0	0	0	0	0	0	0	0	0	0	0	0	0	0	0	0	
15/03/2022 17:39:53	0	0	6	15.03	15.03	1.3	2421	1835	4.099	4.0998	18.1	0	False	4.196667	4.19	4.178333	4.2	2.1233	0	4.128	4.14	88.6	-0.046	4.099	0	0	0	0	0	0	0	0	0	0	0	0	0	0	0	18.1	0	0	0	0	0	0	0	0	0	0	0	0	0	0	0	0	0	0	0	0	0	0	0	0	0	0	0	0	0	0	0	0	0	0	
15/03/2022 17:40:03	0	0	6	15.03	15.03	1.3	2425	1845	4.102	4.1035	18.2	0	False	4.186666	4.203333	4.255	4.2	2.1349	0	4.14	4.14	88.9	-0.034	4.102	0	0	0	0	0	0	0	0	0	0	0	0	0	0	0	18.2	0	0	0	0	0	0	0	0	0	0	0	0	0	0	0	0	0	0	0	0	0	0	0	0	0	0	0	0	0	0	0	0	0	0	
15/03/2022 17:40:13	0	0	6	15.03	15.03	1.3	2427	1855	4.105	4.1062	18.2	0	False	4.193333	4.186666	4.185	4.2	2.1466	0	4.14	4.141	89.4	-0.034	4.105	0	0	0	0	0	0	0	0	0	0	0	0	0	0	0	18.2	0	0	0	0	0	0	0	0	0	0	0	0	0	0	0	0	0	0	0	0	0	0	0	0	0	0	0	0	0	0	0	0	0	0	
15/03/2022 17:40:23	0	0	6	15.03	15.03	1.3	2429	1865	4.109	4.1098	18.1	0	False	4.193333	4.21	4.245	4.2	2.1582	0	4.14	4.144	89.6	-0.034	4.109	0	0	0	0	0	0	0	0	0	0	0	0	0	0	0	18.1	0	0	0	0	0	0	0	0	0	0	0	0	0	0	0	0	0	0	0	0	0	0	0	0	0	0	0	0	0	0	0	0	0	0	
15/03/2022 17:40:33	0	0	6	15.03	15.03	1.3	2431	1875	4.112	4.1127	18.1	0	False	4.2	4.2	4.2	4.2	2.1698	0	4.14	4.151	89.8	-0.034	4.112	0	0	0	0	0	0	0	0	0	0	0	0	0	0	0	18.1	0	0	0	0	0	0	0	0	0	0	0	0	0	0	0	0	0	0	0	0	0	0	0	0	0	0	0	0	0	0	0	0	0	0	
15/03/2022 17:40:43	0	0	6	15.03	15.02	1.3	2433	1885	4.115	4.116	18.2	0	False	4.186666	4.195	4.273334	4.2	2.1814	0	4.151	4.151	90.3	-0.034	4.115	0	0	0	0	0	0	0	0	0	0	0	0	0	0	0	18.2	0	0	0	0	0	0	0	0	0	0	0	0	0	0	0	0	0	0	0	0	0	0	0	0	0	0	0	0	0	0	0	0	0	0	
15/03/2022 17:40:53	0	0	6	15.03	15.02	1.3	2433	1895	4.118	4.1193	18.1	0	False	4.19	4.215	4.2	4.2	2.1931	0	4.163	4.155	90.5	-0.046	4.118	0	0	0	0	0	0	0	0	0	0	0	0	0	0	0	18.1	0	0	0	0	0	0	0	0	0	0	0	0	0	0	0	0	0	0	0	0	0	0	0	0	0	0	0	0	0	0	0	0	0	0	
15/03/2022 17:41:03	0	0	6	15.03	15.02	1.3	2435	1905	4.122	4.1223	18.1	0	False	4.2	4.195	4.178333	4.2	2.2048	0	4.163	4.163	90.8	-0.046	4.122	0	0	0	0	0	0	0	0	0	0	0	0	0	0	0	18.1	0	0	0	0	0	0	0	0	0	0	0	0	0	0	0	0	0	0	0	0	0	0	0	0	0	0	0	0	0	0	0	0	0	0	
15/03/2022 17:41:13	0	0	6	15.03	15.02	1.3	2437	1915	4.124	4.1248	18	0	False	4.19	4.19	4.25	4.2	2.2164	0	4.163	4.163	91.3	-0.023	4.124	0	0	0	0	0	0	0	0	0	0	0	0	0	0	0	18	0	0	0	0	0	0	0	0	0	0	0	0	0	0	0	0	0	0	0	0	0	0	0	0	0	0	0	0	0	0	0	0	0	0	
15/03/2022 17:41:23	0	0	6	15.03	15.02	1.3	2439	1925	4.127	4.1273	17.9	0	False	4.196667	4.206666	4.211667	4.2	2.2281	0	4.163	4.163	91.4	-0.034	4.127	0	0	0	0	0	0	0	0	0	0	0	0	0	0	0	17.9	0	0	0	0	0	0	0	0	0	0	0	0	0	0	0	0	0	0	0	0	0	0	0	0	0	0	0	0	0	0	0	0	0	0	
15/03/2022 17:41:33	0	0	6	15.03	15.02	1.3	2439	1935	4.129	4.1299	17.9	0	False	4.193333	4.173333	4.173333	4.2	2.2398	0	4.174	4.174	91.7	-0.046	4.129	0	0	0	0	0	0	0	0	0	0	0	0	0	0	0	17.9	0	0	0	0	0	0	0	0	0	0	0	0	0	0	0	0	0	0	0	0	0	0	0	0	0	0	0	0	0	0	0	0	0	0	
15/03/2022 17:41:43	0	0	6	15.03	15.03	1.3	2441	1945	4.132	4.1323	18	0	False	4.183333	4.173333	4.273334	4.2	2.2514	0	4.163	4.174	92	-0.034	4.132	0	0	0	0	0	0	0	0	0	0	0	0	0	0	0	18	0	0	0	0	0	0	0	0	0	0	0	0	0	0	0	0	0	0	0	0	0	0	0	0	0	0	0	0	0	0	0	0	0	0	
15/03/2022 17:41:53	0	0	6	15.03	15.02	1.3	2441	1955	4.134	4.1349	17.9	0	False	4.186666	4.218333	4.223333	4.2	2.263	0	4.174	4.174	92.2	-0.046	4.134	0	0	0	0	0	0	0	0	0	0	0	0	0	0	0	17.9	0	0	0	0	0	0	0	0	0	0	0	0	0	0	0	0	0	0	0	0	0	0	0	0	0	0	0	0	0	0	0	0	0	0	
15/03/2022 17:42:03	0	0	6	15.03	15.03	1.3	2443	1965	4.136	4.1373	18	0	False	4.19	4.19	4.205	4.2	2.2747	0	4.174	4.174	92.4	-0.034	4.136	0	0	0	0	0	0	0	0	0	0	0	0	0	0	0	18	0	0	0	0	0	0	0	0	0	0	0	0	0	0	0	0	0	0	0	0	0	0	0	0	0	0	0	0	0	0	0	0	0	0	
15/03/2022 17:42:13	0	0	6	15.03	15.03	1.3	2443	1975	4.138	4.1385	18	0	False	4.191667	4.215	4.14	4.2	2.2863	0	4.174	4.174	92.5	-0.034	4.138	0	0	0	0	0	0	0	0	0	0	0	0	0	0	0	18	0	0	0	0	0	0	0	0	0	0	0	0	0	0	0	0	0	0	0	0	0	0	0	0	0	0	0	0	0	0	0	0	0	0	
15/03/2022 17:42:23	0	0	6	15.03	15.03	1.3	2445	1985	4.14	4.141	18	0	False	4.191667	4.17	4.14	4.2	2.298	0	4.186	4.178	92.7	-0.034	4.14	0	0	0	0	0	0	0	0	0	0	0	0	0	0	0	18	0	0	0	0	0	0	0	0	0	0	0	0	0	0	0	0	0	0	0	0	0	0	0	0	0	0	0	0	0	0	0	0	0	0	
15/03/2022 17:42:33	0	0	6	15.03	15.02	1.3	2445	1995	4.142	4.1423	17.9	0	False	4.205	4.206666	4.2	4.2	2.3097	0	4.174	4.186	92.8	-0.034	4.142	0	0	0	0	0	0	0	0	0	0	0	0	0	0	0	17.9	0	0	0	0	0	0	0	0	0	0	0	0	0	0	0	0	0	0	0	0	0	0	0	0	0	0	0	0	0	0	0	0	0	0	
15/03/2022 17:42:43	0	0	6	15.03	15.03	1.3	2445	2005	4.143	4.1435	18	0	False	4.198333	4.191667	4.205	4.2	2.3214	0	4.174	4.186	93.1	-0.046	4.143	0	0	0	0	0	0	0	0	0	0	0	0	0	0	0	18	0	0	0	0	0	0	0	0	0	0	0	0	0	0	0	0	0	0	0	0	0	0	0	0	0	0	0	0	0	0	0	0	0	0	
15/03/2022 17:42:53	0	0	6	15.03	15.02	1.3	2447	2014	4.145	4.1459	18.2	0	False	4.188334	4.2	4.161667	4.2	2.3318	0	4.186	4.186	93.3	-0.046	4.145	0	0	0	0	0	0	0	0	0	0	0	0	0	0	0	18.2	0	0	0	0	0	0	0	0	0	0	0	0	0	0	0	0	0	0	0	0	0	0	0	0	0	0	0	0	0	0	0	0	0	0	
15/03/2022 17:43:03	0	0	6	15.03	15.03	1.3	2449	2024	4.147	4.1473	18.1	0	False	4.186666	4.205	4.268333	4.2	2.3435	0	4.186	4.186	93.4	-0.046	4.147	0	0	0	0	0	0	0	0	0	0	0	0	0	0	0	18.1	0	0	0	0	0	0	0	0	0	0	0	0	0	0	0	0	0	0	0	0	0	0	0	0	0	0	0	0	0	0	0	0	0	0	
15/03/2022 17:43:13	0	0	6	15.03	15.03	1.3	2449	2034	4.148	4.1485	18.3	0	False	4.188334	4.208333	4.245	4.2	2.3551	0	4.186	4.186	93.6	-0.046	4.148	0	0	0	0	0	0	0	0	0	0	0	0	0	0	0	18.3	0	0	0	0	0	0	0	0	0	0	0	0	0	0	0	0	0	0	0	0	0	0	0	0	0	0	0	0	0	0	0	0	0	0	
15/03/2022 17:43:23	0	0	6	15.03	15.03	1.3	2451	2043	4.149	4.1498	18.3	0	False	4.201667	4.198333	4.2	4.2	2.3656	0	4.186	4.186	93.6	-0.034	4.149	0	0	0	0	0	0	0	0	0	0	0	0	0	0	0	18.3	0	0	0	0	0	0	0	0	0	0	0	0	0	0	0	0	0	0	0	0	0	0	0	0	0	0	0	0	0	0	0	0	0	0	
15/03/2022 17:43:33	0	0	6	15.03	15.03	1.3	2451	2054	4.15	4.151	18.2	0	False	4.196667	4.188334	4.19	4.2	2.3785	0	4.186	4.186	93.8	-0.034	4.15	0	0	0	0	0	0	0	0	0	0	0	0	0	0	0	18.2	0	0	0	0	0	0	0	0	0	0	0	0	0	0	0	0	0	0	0	0	0	0	0	0	0	0	0	0	0	0	0	0	0	0	
15/03/2022 17:43:43	0	0	6	15.03	15.03	1.3	2449	2064	4.152	4.1523	18.3	0	False	4.19	4.176667	4.163333	4.2	2.3901	0	4.186	4.192	94	-0.034	4.152	0	0	0	0	0	0	0	0	0	0	0	0	0	0	0	18.3	0	0	0	0	0	0	0	0	0	0	0	0	0	0	0	0	0	0	0	0	0	0	0	0	0	0	0	0	0	0	0	0	0	0	
15/03/2022 17:43:53	0	0	6	15.03	15.03	1.3	2451	2074	4.153	4.1543	18.4	0	False	4.188334	4.195	4.135	4.2	2.4018	0	4.186	4.197	94.1	-0.046	4.153	0	0	0	0	0	0	0	0	0	0	0	0	0	0	0	18.4	0	0	0	0	0	0	0	0	0	0	0	0	0	0	0	0	0	0	0	0	0	0	0	0	0	0	0	0	0	0	0	0	0	0	
15/03/2022 17:44:03	0	0	6	15.03	15.03	1.3	2453	2084	4.154	4.1551	18.2	0	False	4.188334	4.18	4.228333	4.2	2.4134	0	4.186	4.197	94.3	-0.034	4.154	0	0	0	0	0	0	0	0	0	0	0	0	0	0	0	18.2	0	0	0	0	0	0	0	0	0	0	0	0	0	0	0	0	0	0	0	0	0	0	0	0	0	0	0	0	0	0	0	0	0	0	
15/03/2022 17:44:13	0	0	6	15.03	15.03	1.3	2453	2094	4.155	4.156	18.2	0	False	4.195	4.215	4.211667	4.2	2.4251	0	4.186	4.197	94.3	-0.046	4.155	0	0	0	0	0	0	0	0	0	0	0	0	0	0	0	18.2	0	0	0	0	0	0	0	0	0	0	0	0	0	0	0	0	0	0	0	0	0	0	0	0	0	0	0	0	0	0	0	0	0	0	
15/03/2022 17:44:23	0	0	6	15.03	15.03	1.3	2455	2104	4.157	4.158	18.2	0	False	4.2	4.196667	4.201667	4.2	2.4368	0	4.197	4.197	94.4	-0.034	4.157	0	0	0	0	0	0	0	0	0	0	0	0	0	0	0	18.2	0	0	0	0	0	0	0	0	0	0	0	0	0	0	0	0	0	0	0	0	0	0	0	0	0	0	0	0	0	0	0	0	0	0	
15/03/2022 17:44:33	0	0	6	15.03	15.03	1.3	2453	2114	4.158	4.1593	18.2	0	False	4.193333	4.181667	4.19	4.2	2.4484	0	4.197	4.197	94.6	-0.046	4.158	0	0	0	0	0	0	0	0	0	0	0	0	0	0	0	18.2	0	0	0	0	0	0	0	0	0	0	0	0	0	0	0	0	0	0	0	0	0	0	0	0	0	0	0	0	0	0	0	0	0	0	
15/03/2022 17:44:43	0	0	6	15.03	15.03	1.3	2457	2124	4.16	4.161	18.3	0	False	4.183333	4.185	4.266667	4.2	2.46	0	4.197	4.197	94.7	-0.034	4.16	0	0	0	0	0	0	0	0	0	0	0	0	0	0	0	18.3	0	0	0	0	0	0	0	0	0	0	0	0	0	0	0	0	0	0	0	0	0	0	0	0	0	0	0	0	0	0	0	0	0	0	
15/03/2022 17:44:53	0	0	6	15.03	15.03	1.3	2457	2134	4.162	4.1623	18.1	0	False	4.186666	4.191667	4.25	4.2	2.4717	0	4.197	4.197	95	-0.034	4.162	0	0	0	0	0	0	0	0	0	0	0	0	0	0	0	18.1	0	0	0	0	0	0	0	0	0	0	0	0	0	0	0	0	0	0	0	0	0	0	0	0	0	0	0	0	0	0	0	0	0	0	
15/03/2022 17:45:03	0	0	6	15.03	15.03	1.3	2455	2144	4.163	4.1635	18.2	0	False	4.2	4.22	4.12	4.2	2.4834	0	4.197	4.198	95.1	-0.034	4.163	0	0	0	0	0	0	0	0	0	0	0	0	0	0	0	18.2	0	0	0	0	0	0	0	0	0	0	0	0	0	0	0	0	0	0	0	0	0	0	0	0	0	0	0	0	0	0	0	0	0	0	
15/03/2022 17:45:13	0	0	6	15.03	15.03	1.3	2459	2154	4.164	4.1648	18.2	0	False	4.2	4.188334	4.068333	4.2	2.495	0	4.197	4.201	95.2	-0.034	4.164	0	0	0	0	0	0	0	0	0	0	0	0	0	0	0	18.2	0	0	0	0	0	0	0	0	0	0	0	0	0	0	0	0	0	0	0	0	0	0	0	0	0	0	0	0	0	0	0	0	0	0	
15/03/2022 17:45:23	0	0	6	15.03	15.03	1.3	2459	2164	4.165	4.166	18.2	0	False	4.193333	4.185	4.173333	4.2	2.5067	0	4.197	4.208	95.4	-0.034	4.165	0	0	0	0	0	0	0	0	0	0	0	0	0	0	0	18.2	0	0	0	0	0	0	0	0	0	0	0	0	0	0	0	0	0	0	0	0	0	0	0	0	0	0	0	0	0	0	0	0	0	0	
15/03/2022 17:45:33	0	0	6	15.03	15.03	1.3	2461	2174	4.167	4.1674	18.2	0	False	4.191667	4.158333	4.266667	4.2	2.5183	0	4.197	4.209	95.5	-0.034	4.167	0	0	0	0	0	0	0	0	0	0	0	0	0	0	0	18.2	0	0	0	0	0	0	0	0	0	0	0	0	0	0	0	0	0	0	0	0	0	0	0	0	0	0	0	0	0	0	0	0	0	0	
15/03/2022 17:45:43	0	0	6	15.03	15.02	1.3	2459	2184	4.168	4.1687	18.2	0	False	4.188334	4.203333	4.268333	4.2	2.53	0	4.209	4.209	95.5	-0.046	4.168	0	0	0	0	0	0	0	0	0	0	0	0	0	0	0	18.2	0	0	0	0	0	0	0	0	0	0	0	0	0	0	0	0	0	0	0	0	0	0	0	0	0	0	0	0	0	0	0	0	0	0	
15/03/2022 17:45:53	0	0	6	15.03	15.03	1.3	2461	2194	4.169	4.1704	18.2	0	False	4.193333	4.213333	4.246666	4.2	2.5416	0	4.209	4.209	95.6	-0.046	4.169	0	0	0	0	0	0	0	0	0	0	0	0	0	0	0	18.2	0	0	0	0	0	0	0	0	0	0	0	0	0	0	0	0	0	0	0	0	0	0	0	0	0	0	0	0	0	0	0	0	0	0	
15/03/2022 17:46:03	0	0	6	15.03	15.03	1.3	2463	2203	4.172	4.1723	18.2	0	False	4.201667	4.198333	4.19	4.2	2.5522	0	4.209	4.209	96	-0.034	4.172	0	0	0	0	0	0	0	0	0	0	0	0	0	0	0	18.2	0	0	0	0	0	0	0	0	0	0	0	0	0	0	0	0	0	0	0	0	0	0	0	0	0	0	0	0	0	0	0	0	0	0	
15/03/2022 17:46:13	0	0	6	15.03	15.03	1.3	2461	2213	4.173	4.1737	18.2	0	False	4.19	4.178333	4.185	4.2	2.5638	0	4.209	4.21	96.2	-0.034	4.173	0	0	0	0	0	0	0	0	0	0	0	0	0	0	0	18.2	0	0	0	0	0	0	0	0	0	0	0	0	0	0	0	0	0	0	0	0	0	0	0	0	0	0	0	0	0	0	0	0	0	0	
15/03/2022 17:46:23	0	0	6	15.03	15.02	1.3	2463	2223	4.175	4.1759	18.1	0	False	4.178333	4.181667	4.143333	4.2	2.5754	0	4.209	4.215	96.2	-0.034	4.175	0	0	0	0	0	0	0	0	0	0	0	0	0	0	0	18.1	0	0	0	0	0	0	0	0	0	0	0	0	0	0	0	0	0	0	0	0	0	0	0	0	0	0	0	0	0	0	0	0	0	0	
15/03/2022 17:46:33	0	0	6	15.03	15.02	1.3	2465	2233	4.177	4.1774	18.2	0	False	4.176667	4.188334	4.266667	4.2	2.587	0	4.22	4.22	96.5	-0.046	4.177	0	0	0	0	0	0	0	0	0	0	0	0	0	0	0	18.2	0	0	0	0	0	0	0	0	0	0	0	0	0	0	0	0	0	0	0	0	0	0	0	0	0	0	0	0	0	0	0	0	0	0	
15/03/2022 17:46:43	0	0	6	15.03	15.02	1.3	2465	2243	4.178	4.1788	18.2	0	False	4.185	4.211667	4.245	4.2	2.5987	0	4.22	4.22	96.5	-0.046	4.178	0	0	0	0	0	0	0	0	0	0	0	0	0	0	0	18.2	0	0	0	0	0	0	0	0	0	0	0	0	0	0	0	0	0	0	0	0	0	0	0	0	0	0	0	0	0	0	0	0	0	0	
15/03/2022 17:46:53	0	0	6	15.03	15.02	1.3	2467	2253	4.18	4.181	18.2	0	False	4.193333	4.196667	4.2	4.2	2.6104	0	4.22	4.22	96.8	-0.046	4.18	0	0	0	0	0	0	0	0	0	0	0	0	0	0	0	18.2	0	0	0	0	0	0	0	0	0	0	0	0	0	0	0	0	0	0	0	0	0	0	0	0	0	0	0	0	0	0	0	0	0	0	
15/03/2022 17:47:03	0	0	6	15.03	15.02	1.3	2469	2263	4.182	4.1832	18.1	0	False	4.186666	4.178333	4.25	4.2	2.622	0	4.22	4.222	97	-0.034	4.182	0	0	0	0	0	0	0	0	0	0	0	0	0	0	0	18.1	0	0	0	0	0	0	0	0	0	0	0	0	0	0	0	0	0	0	0	0	0	0	0	0	0	0	0	0	0	0	0	0	0	0	
15/03/2022 17:47:13	0	0	6	15.03	15.02	1.3	2469	2273	4.184	4.1848	18.1	0	False	4.186666	4.185	4.266667	4.2	2.6337	0	4.22	4.224	97.3	-0.034	4.184	0	0	0	0	0	0	0	0	0	0	0	0	0	0	0	18.1	0	0	0	0	0	0	0	0	0	0	0	0	0	0	0	0	0	0	0	0	0	0	0	0	0	0	0	0	0	0	0	0	0	0	
15/03/2022 17:47:23	0	0	6	15.03	15.03	1.3	2469	2283	4.187	4.1873	18.1	0	False	4.2	4.198333	4.185	4.2	2.6454	0	4.22	4.232	97.4	-0.046	4.187	0	0	0	0	0	0	0	0	0	0	0	0	0	0	0	18.1	0	0	0	0	0	0	0	0	0	0	0	0	0	0	0	0	0	0	0	0	0	0	0	0	0	0	0	0	0	0	0	0	0	0	
15/03/2022 17:47:33	0	0	6	15.03	15.03	1.3	2471	2293	4.188	4.1891	18.2	0	False	4.188334	4.188334	4.173333	4.2	2.6571	0	4.232	4.232	97.6	-0.046	4.188	0	0	0	0	0	0	0	0	0	0	0	0	0	0	0	18.2	0	0	0	0	0	0	0	0	0	0	0	0	0	0	0	0	0	0	0	0	0	0	0	0	0	0	0	0	0	0	0	0	0	0	
15/03/2022 17:47:43	0	0	6	15.03	15.03	1.3	2471	2303	4.19	4.1912	18.1	0	False	4.188334	4.195	4.133333	4.2	2.6687	0	4.232	4.232	97.7	-0.046	4.19	0	0	0	0	0	0	0	0	0	0	0	0	0	0	0	18.1	0	0	0	0	0	0	0	0	0	0	0	0	0	0	0	0	0	0	0	0	0	0	0	0	0	0	0	0	0	0	0	0	0	0	
15/03/2022 17:47:53	0	0	6	15.03	15.03	1.3	2473	2313	4.193	4.1935	18.2	0	False	4.191667	4.183333	4.228333	4.2	2.6804	0	4.232	4.232	98.2	-0.034	4.193	0	0	0	0	0	0	0	0	0	0	0	0	0	0	0	18.2	0	0	0	0	0	0	0	0	0	0	0	0	0	0	0	0	0	0	0	0	0	0	0	0	0	0	0	0	0	0	0	0	0	0	
15/03/2022 17:48:03	0	0	6	15.03	15.03	1.3	2475	2323	4.195	4.1962	18.2	0	False	4.191667	4.178333	4.19	4.2	2.692	0	4.232	4.233	98.4	-0.034	4.195	0	0	0	0	0	0	0	0	0	0	0	0	0	0	0	18.2	0	0	0	0	0	0	0	0	0	0	0	0	0	0	0	0	0	0	0	0	0	0	0	0	0	0	0	0	0	0	0	0	0	0	
15/03/2022 17:48:13	0	0	6	15.03	15.03	1.3	2475	2333	4.198	4.1987	18.2	0	False	4.183333	4.19	4.151667	4.2	2.7037	0	4.232	4.243	98.5	-0.034	4.198	0	0	0	0	0	0	0	0	0	0	0	0	0	0	0	18.2	0	0	0	0	0	0	0	0	0	0	0	0	0	0	0	0	0	0	0	0	0	0	0	0	0	0	0	0	0	0	0	0	0	0	
15/03/2022 17:48:23	0	0	6	15.03	15.03	1.3	2477	2343	4.2	4.2012	18.1	0	False	4.186666	4.201667	4.078333	4.2	2.7153	0	4.243	4.243	98.7	-0.034	4.2	0	0	0	0	0	0	0	0	0	0	0	0	0	0	0	18.1	0	0	0	0	0	0	0	0	0	0	0	0	0	0	0	0	0	0	0	0	0	0	0	0	0	0	0	0	0	0	0	0	0	0	
15/03/2022 17:48:33	0	0	6	15.03	15.03	1.3	2479	2353	4.203	4.204	18.2	0	False	4.18	4.168334	4.135	4.2	2.7269	0	4.232	4.243	99.2	-0.046	4.203	0	0	0	0	0	0	0	0	0	0	0	0	0	0	0	18.2	0	0	0	0	0	0	0	0	0	0	0	0	0	0	0	0	0	0	0	0	0	0	0	0	0	0	0	0	0	0	0	0	0	0	
15/03/2022 17:48:43	0	0	6	15.03	15.03	1.3	2479	2363	4.206	4.2065	18.1	0	False	4.161667	4.118333	4.128334	4.2	2.7384	0	4.243	4.244	99.4	-0.034	4.206	0	0	0	0	0	0	0	0	0	0	0	0	0	0	0	18.1	0	0	0	0	0	0	0	0	0	0	0	0	0	0	0	0	0	0	0	0	0	0	0	0	0	0	0	0	0	0	0	0	0	0	
15/03/2022 17:48:53	0	0	6	15.03	15.03	1.2	2473	2373	4.208	4.209	18.2	0	True	4.136667	4.07	3.94	4.2	2.7498	0	4.243	4.244	99.6	-0.034	4.208	0	0	0	0	0	0	0	0	0	0	0	0	0	0	0	18.2	0	0	0	0	0	0	0	0	0	0	0	0	0	0	0	0	0	0	0	0	0	0	0	0	0	0	0	0	0	0	0	0	0	0	
15/03/2022 17:49:03	0	0	6	15.02	15.03	1.1	2463	2383	4.208	4.2085	18.2	0	True	3.946667	3.613333	3.608333	4.2	2.76	0	4.243	4.247	99.7	-0.034	4.208	0	0	0	0	0	0	0	0	0	0	0	0	0	0	0	18.2	0	0	0	0	0	0	0	0	0	0	0	0	0	0	0	0	0	0	0	0	0	0	0	0	0	0	0	0	0	0	0	0	0	0	
15/03/2022 17:49:13	0	0	6	15.03	15.03	1.1	2455	2392	4.208	4.2085	18.2	0	True	3.73	3.395	3.395	4.2	2.7687	0	4.243	4.247	99.8	-0.034	4.208	0	0	0	0	0	0	0	0	0	0	0	0	0	0	0	18.2	0	0	0	0	0	0	0	0	0	0	0	0	0	0	0	0	0	0	0	0	0	0	0	0	0	0	0	0	0	0	0	0	0	0	
15/03/2022 17:49:23	0	0	6	15.02	15.03	1	2445	2402	4.208	4.2087	18.2	0	True	3.536667	3.185	3.181667	4.2	2.7777	0	4.254	4.252	99.8	-0.034	4.208	0	0	0	0	0	0	0	0	0	0	0	0	0	0	0	18.2	0	0	0	0	0	0	0	0	0	0	0	0	0	0	0	0	0	0	0	0	0	0	0	0	0	0	0	0	0	0	0	0	0	0	
15/03/2022 17:49:33	0	0	6	15.02	15.03	0.9	2439	2412	4.208	4.2085	18.2	0	True	3.29	2.928333	2.933333	4.2	2.786	0	4.243	4.254	100	-0.034	4.208	0	0	0	0	0	0	0	0	0	0	0	0	0	0	0	18.2	0	0	0	0	0	0	0	0	0	0	0	0	0	0	0	0	0	0	0	0	0	0	0	0	0	0	0	0	0	0	0	0	0	0	
15/03/2022 17:49:43	0	0	6	15.02	15.03	0.9	2435	2422	4.208	4.2085	18.2	0	True	3.11	2.816667	2.823333	4.2	2.794	0	4.243	4.254	100	-0.034	4.208	0	0	0	0	0	0	0	0	0	0	0	0	0	0	0	18.2	0	0	0	0	0	0	0	0	0	0	0	0	0	0	0	0	0	0	0	0	0	0	0	0	0	0	0	0	0	0	0	0	0	0	
15/03/2022 17:49:53	0	0	6	15.02	15.03	0.8	2431	2432	4.208	4.2085	18.2	0	True	2.948333	2.686667	2.67	4.2	2.8017	0	4.243	4.254	100	-0.034	4.208	0	0	0	0	0	0	0	0	0	0	0	0	0	0	0	18.2	0	0	0	0	0	0	0	0	0	0	0	0	0	0	0	0	0	0	0	0	0	0	0	0	0	0	0	0	0	0	0	0	0	0	
15/03/2022 17:50:03	0	0	6	15.02	15.03	0.7	2419	2442	4.208	4.2088	18.2	0	True	2.813333	2.481667	2.34	4.2	2.809	0	4.243	4.254	100	-0.034	4.208	0	0	0	0	0	0	0	0	0	0	0	0	0	0	0	18.2	0	0	0	0	0	0	0	0	0	0	0	0	0	0	0	0	0	0	0	0	0	0	0	0	0	0	0	0	0	0	0	0	0	0	
15/03/2022 17:50:13	0	0	6	15.02	15.03	0.7	2419	2452	4.208	4.2085	18.2	0	True	2.608333	2.351667	2.356667	4.2	2.8155	0	4.243	4.254	100	-0.034	4.208	0	0	0	0	0	0	0	0	0	0	0	0	0	0	0	18.2	0	0	0	0	0	0	0	0	0	0	0	0	0	0	0	0	0	0	0	0	0	0	0	0	0	0	0	0	0	0	0	0	0	0	
15/03/2022 17:50:23	0	0	6	15.01	15.03	0.7	2415	2462	4.208	4.2085	18.2	0	True	2.493333	2.33	2.256667	4.2	2.8221	0	4.243	4.254	100	-0.034	4.208	0	0	0	0	0	0	0	0	0	0	0	0	0	0	0	18.2	0	0	0	0	0	0	0	0	0	0	0	0	0	0	0	0	0	0	0	0	0	0	0	0	0	0	0	0	0	0	0	0	0	0	
15/03/2022 17:50:33	0	0	6	15.01	15.03	0.7	2411	2472	4.208	4.2085	18.2	0	True	2.371667	2.141667	2.118333	4.2	2.8282	0	4.243	4.254	100	-0.034	4.208	0	0	0	0	0	0	0	0	0	0	0	0	0	0	0	18.2	0	0	0	0	0	0	0	0	0	0	0	0	0	0	0	0	0	0	0	0	0	0	0	0	0	0	0	0	0	0	0	0	0	0	
15/03/2022 17:50:43	0	0	6	15.01	15.03	0.6	2403	2482	4.208	4.2088	18.2	0	True	2.253333	2.05	2.053333	4.2	2.834	0	4.243	4.254	100	-0.034	4.208	0	0	0	0	0	0	0	0	0	0	0	0	0	0	0	18.2	0	0	0	0	0	0	0	0	0	0	0	0	0	0	0	0	0	0	0	0	0	0	0	0	0	0	0	0	0	0	0	0	0	0	
15/03/2022 17:50:53	0	0	6	15.01	15.03	0.6	2401	2492	4.208	4.2085	18.2	0	True	2.126667	1.965	1.963333	4.2	2.8395	0	4.243	4.254	100	-0.034	4.208	0	0	0	0	0	0	0	0	0	0	0	0	0	0	0	18.2	0	0	0	0	0	0	0	0	0	0	0	0	0	0	0	0	0	0	0	0	0	0	0	0	0	0	0	0	0	0	0	0	0	0	
15/03/2022 17:51:03	0	0	6	15.01	15.03	0.6	2399	2502	4.208	4.2085	18.2	0	True	2.028333	1.896667	1.91	4.2	2.8448	0	4.243	4.254	100	-0.034	4.208	0	0	0	0	0	0	0	0	0	0	0	0	0	0	0	18.2	0	0	0	0	0	0	0	0	0	0	0	0	0	0	0	0	0	0	0	0	0	0	0	0	0	0	0	0	0	0	0	0	0	0	
15/03/2022 17:51:13	0	0	6	15.01	15.03	0.5	2391	2512	4.208	4.2085	18.2	0	True	1.925	1.758333	1.756667	4.2	2.8498	0	4.243	4.254	100	-0.034	4.208	0	0	0	0	0	0	0	0	0	0	0	0	0	0	0	18.2	0	0	0	0	0	0	0	0	0	0	0	0	0	0	0	0	0	0	0	0	0	0	0	0	0	0	0	0	0	0	0	0	0	0	
15/03/2022 17:51:23	0	0	6	15.01	15.03	0.5	2383	2522	4.208	4.209	18.2	0	True	1.831667	1.646667	1.645	4.2	2.8545	0	4.243	4.254	100	-0.034	4.208	0	0	0	0	0	0	0	0	0	0	0	0	0	0	0	18.2	0	0	0	0	0	0	0	0	0	0	0	0	0	0	0	0	0	0	0	0	0	0	0	0	0	0	0	0	0	0	0	0	0	0	
15/03/2022 17:51:33	0	0	6	15.01	15.03	0.5	2375	2532	4.208	4.2085	18.2	0	True	1.728333	1.525	1.535	4.2	2.859	0	4.243	4.254	100	-0.034	4.208	0	0	0	0	0	0	0	0	0	0	0	0	0	0	0	18.2	0	0	0	0	0	0	0	0	0	0	0	0	0	0	0	0	0	0	0	0	0	0	0	0	0	0	0	0	0	0	0	0	0	0	
15/03/2022 17:51:43	0	0	6	15.01	15.03	0.5	2373	2542	4.208	4.2085	18.2	0	True	1.635	1.518333	1.523333	4.2	2.8632	0	4.254	4.254	100	-0.034	4.208	0	0	0	0	0	0	0	0	0	0	0	0	0	0	0	18.2	0	0	0	0	0	0	0	0	0	0	0	0	0	0	0	0	0	0	0	0	0	0	0	0	0	0	0	0	0	0	0	0	0	0	
15/03/2022 17:51:53	0	0	6	15	15.03	0.4	2367	2552	4.208	4.2088	18.2	0	True	1.575	1.438333	1.381667	4.2	2.8673	0	4.243	4.254	100	-0.034	4.208	0	0	0	0	0	0	0	0	0	0	0	0	0	0	0	18.2	0	0	0	0	0	0	0	0	0	0	0	0	0	0	0	0	0	0	0	0	0	0	0	0	0	0	0	0	0	0	0	0	0	0	
15/03/2022 17:52:03	0	0	6	15.01	15.03	0.4	2367	2562	4.208	4.2085	18.2	0	True	1.493333	1.386667	1.375	4.2	2.8712	0	4.243	4.254	100	-0.034	4.208	0	0	0	0	0	0	0	0	0	0	0	0	0	0	0	18.2	0	0	0	0	0	0	0	0	0	0	0	0	0	0	0	0	0	0	0	0	0	0	0	0	0	0	0	0	0	0	0	0	0	0	
15/03/2022 17:52:13	0	0	6	15.01	15.03	0.4	2359	2572	4.208	4.2087	18.2	0	True	1.425	1.29	1.276667	4.2	2.8749	0	4.243	4.254	100	-0.034	4.208	0	0	0	0	0	0	0	0	0	0	0	0	0	0	0	18.2	0	0	0	0	0	0	0	0	0	0	0	0	0	0	0	0	0	0	0	0	0	0	0	0	0	0	0	0	0	0	0	0	0	0	
15/03/2022 17:52:23	0	0	6	15.01	15.03	0.4	2357	2581	4.208	4.2088	18.2	0	True	1.351667	1.253333	1.253333	4.2	2.8781	0	4.232	4.254	100	-0.034	4.208	0	0	0	0	0	0	0	0	0	0	0	0	0	0	0	18.2	0	0	0	0	0	0	0	0	0	0	0	0	0	0	0	0	0	0	0	0	0	0	0	0	0	0	0	0	0	0	0	0	0	0	
15/03/2022 17:52:33	0	0	6	15	15.03	0.4	2351	2591	4.208	4.2085	18.2	0	True	1.283333	1.161667	1.1	4.2	2.8813	0	4.254	4.254	100	-0.046	4.208	0	0	0	0	0	0	0	0	0	0	0	0	0	0	0	18.2	0	0	0	0	0	0	0	0	0	0	0	0	0	0	0	0	0	0	0	0	0	0	0	0	0	0	0	0	0	0	0	0	0	0	
15/03/2022 17:52:43	0	0	6	15.01	15.03	0.3	2351	2601	4.208	4.2085	18.2	0	True	1.21	1.111667	1.111667	4.2	2.8844	0	4.243	4.254	100	-0.034	4.208	0	0	0	0	0	0	0	0	0	0	0	0	0	0	0	18.2	0	0	0	0	0	0	0	0	0	0	0	0	0	0	0	0	0	0	0	0	0	0	0	0	0	0	0	0	0	0	0	0	0	0	
15/03/2022 17:52:53	0	0	6	15	15.03	0.3	2345	2611	4.208	4.2088	18.2	0	True	1.168333	1.08	1.023333	4.2	2.8875	0	4.243	4.254	100	-0.034	4.208	0	0	0	0	0	0	0	0	0	0	0	0	0	0	0	18.2	0	0	0	0	0	0	0	0	0	0	0	0	0	0	0	0	0	0	0	0	0	0	0	0	0	0	0	0	0	0	0	0	0	0	
15/03/2022 17:53:03	0	0	6	15	15.03	0.3	2343	2621	4.208	4.2085	18.2	0	True	1.095	0.9583333	0.9666666	4.2	2.8902	0	4.254	4.254	100	-0.034	4.208	0	0	0	0	0	0	0	0	0	0	0	0	0	0	0	18.2	0	0	0	0	0	0	0	0	0	0	0	0	0	0	0	0	0	0	0	0	0	0	0	0	0	0	0	0	0	0	0	0	0	0	
15/03/2022 17:53:13	0	0	6	15	15.03	0.3	2343	2631	4.208	4.2085	18.2	0	True	1.035	0.9483333	0.9466667	4.2	2.8929	0	4.254	4.254	100	-0.034	4.208	0	0	0	0	0	0	0	0	0	0	0	0	0	0	0	18.2	0	0	0	0	0	0	0	0	0	0	0	0	0	0	0	0	0	0	0	0	0	0	0	0	0	0	0	0	0	0	0	0	0	0	
15/03/2022 17:53:23	0	0	6	15	15.03	0.3	2341	2641	4.208	4.2087	18.2	0	True	0.9983333	0.9516667	0.9616666	4.2	2.8955	0	4.243	4.254	100	-0.034	4.208	0	0	0	0	0	0	0	0	0	0	0	0	0	0	0	18.2	0	0	0	0	0	0	0	0	0	0	0	0	0	0	0	0	0	0	0	0	0	0	0	0	0	0	0	0	0	0	0	0	0	0	
15/03/2022 17:53:33	0	0	6	15	15.03	0.2	2335	2651	4.208	4.2085	18.2	0	True	0.96	0.805	0.7683333	4.2	2.898	0	4.243	4.254	100	-0.034	4.208	0	0	0	0	0	0	0	0	0	0	0	0	0	0	0	18.2	0	0	0	0	0	0	0	0	0	0	0	0	0	0	0	0	0	0	0	0	0	0	0	0	0	0	0	0	0	0	0	0	0	0	
15/03/2022 17:53:43	0	0	6	15	15.03	0.2	2335	2661	4.208	4.2085	18.2	0	True	0.8816667	0.78	0.7683333	4.2	2.9002	0	4.243	4.253	100	-0.034	4.208	0	0	0	0	0	0	0	0	0	0	0	0	0	0	0	18.2	0	0	0	0	0	0	0	0	0	0	0	0	0	0	0	0	0	0	0	0	0	0	0	0	0	0	0	0	0	0	0	0	0	0	
15/03/2022 17:53:53	0	0	6	15	15.03	0.2	2335	2671	4.208	4.2085	18.2	0	True	0.84	0.78	0.78	4.2	2.9024	0	4.243	4.253	100	-0.034	4.208	0	0	0	0	0	0	0	0	0	0	0	0	0	0	0	18.2	0	0	0	0	0	0	0	0	0	0	0	0	0	0	0	0	0	0	0	0	0	0	0	0	0	0	0	0	0	0	0	0	0	0	
15/03/2022 17:54:03	0	0	6	15	15.03	0.2	2335	2681	4.208	4.2085	18.2	0	True	0.815	0.77	0.8016667	4.2	2.9045	0	4.243	4.252	100	-0.034	4.208	0	0	0	0	0	0	0	0	0	0	0	0	0	0	0	18.2	0	0	0	0	0	0	0	0	0	0	0	0	0	0	0	0	0	0	0	0	0	0	0	0	0	0	0	0	0	0	0	0	0	0	
15/03/2022 17:54:13	0	0	6	15	15.03	0.2	2335	2691	4.208	4.2085	18.2	0	True	0.7983333	0.7633333	0.7633333	4.2	2.9066	0	4.243	4.252	100	-0.034	4.208	0	0	0	0	0	0	0	0	0	0	0	0	0	0	0	18.2	0	0	0	0	0	0	0	0	0	0	0	0	0	0	0	0	0	0	0	0	0	0	0	0	0	0	0	0	0	0	0	0	0	0	
15/03/2022 17:54:23	0	0	6	15	15.03	0.2	2329	2701	4.208	4.2085	18.2	0	True	0.7733333	0.6833333	0.7033333	4.2	2.9087	0	4.243	4.254	100	-0.034	4.208	0	0	0	0	0	0	0	0	0	0	0	0	0	0	0	18.2	0	0	0	0	0	0	0	0	0	0	0	0	0	0	0	0	0	0	0	0	0	0	0	0	0	0	0	0	0	0	0	0	0	0	
15/03/2022 17:54:33	0	0	6	15	15.03	0.2	2329	2711	4.208	4.2085	18.2	0	True	0.7366667	0.6833333	0.6866667	4.2	2.9106	0	4.243	4.254	100	-0.034	4.208	0	0	0	0	0	0	0	0	0	0	0	0	0	0	0	18.2	0	0	0	0	0	0	0	0	0	0	0	0	0	0	0	0	0	0	0	0	0	0	0	0	0	0	0	0	0	0	0	0	0	0	
15/03/2022 17:54:43	0	0	6	15	15.03	0.2	2327	2719	4.208	4.2085	18.2	0	True	0.705	0.6016667	0.5816666	4.2	2.912	0	4.243	4.254	100	-0.034	4.208	0	0	0	0	0	0	0	0	0	0	0	0	0	0	0	18.2	0	0	0	0	0	0	0	0	0	0	0	0	0	0	0	0	0	0	0	0	0	0	0	0	0	0	0	0	0	0	0	0	0	0	
15/03/2022 17:54:53	0	0	6	14.99	15.03	0.2	2327	2731	4.208	4.2085	18.2	0	True	0.6533333	0.595	0.5816666	4.2	2.914	0	4.243	4.254	100	-0.034	4.208	0	0	0	0	0	0	0	0	0	0	0	0	0	0	0	18.2	0	0	0	0	0	0	0	0	0	0	0	0	0	0	0	0	0	0	0	0	0	0	0	0	0	0	0	0	0	0	0	0	0	0	
15/03/2022 17:55:03	0	0	6	15	15.03	0.2	2327	2741	4.208	4.2085	18.2	0	True	0.63	0.5883333	0.5766667	4.2	2.9156	0	4.243	4.254	100	-0.046	4.208	0	0	0	0	0	0	0	0	0	0	0	0	0	0	0	18.2	0	0	0	0	0	0	0	0	0	0	0	0	0	0	0	0	0	0	0	0	0	0	0	0	0	0	0	0	0	0	0	0	0	0	
15/03/2022 17:55:13	0	0	6	14.99	15.03	0.2	2323	2751	4.208	4.2085	18.2	0	True	0.6133333	0.5833333	0.5	4.2	2.9173	0	4.243	4.254	100	-0.034	4.208	0	0	0	0	0	0	0	0	0	0	0	0	0	0	0	18.2	0	0	0	0	0	0	0	0	0	0	0	0	0	0	0	0	0	0	0	0	0	0	0	0	0	0	0	0	0	0	0	0	0	0	
15/03/2022 17:55:23	0	0	6	14.99	15.03	0.2	2323	2761	4.208	4.2085	18.2	0	True	0.5733333	0.5033333	0.4933333	4.2	2.9187	0	4.243	4.254	100	-0.034	4.208	0	0	0	0	0	0	0	0	0	0	0	0	0	0	0	18.2	0	0	0	0	0	0	0	0	0	0	0	0	0	0	0	0	0	0	0	0	0	0	0	0	0	0	0	0	0	0	0	0	0	0	
15/03/2022 17:55:33	0	0	6	14.99	15.03	0.2	2323	2770	4.208	4.2085	18.2	0	True	0.55	0.505	0.5	4.2	2.9199	0	4.243	4.254	100	-0.034	4.208	0	0	0	0	0	0	0	0	0	0	0	0	0	0	0	18.2	0	0	0	0	0	0	0	0	0	0	0	0	0	0	0	0	0	0	0	0	0	0	0	0	0	0	0	0	0	0	0	0	0	0	
15/03/2022 17:55:43	0	0	6	14.99	15.03	0.2	2323	2780	4.208	4.2085	18.2	0	True	0.535	0.4983333	0.5166667	4.2	2.9214	0	4.243	4.254	100	-0.034	4.208	0	0	0	0	0	0	0	0	0	0	0	0	0	0	0	18.2	0	0	0	0	0	0	0	0	0	0	0	0	0	0	0	0	0	0	0	0	0	0	0	0	0	0	0	0	0	0	0	0	0	0	
15/03/2022 17:55:53	0	0	6	14.99	15.03	0.2	2321	2790	4.208	4.2085	18.2	0	True	0.5183333	0.4966667	0.4933333	4.2	2.9227	0	4.254	4.254	100	-0.034	4.208	0	0	0	0	0	0	0	0	0	0	0	0	0	0	0	18.2	0	0	0	0	0	0	0	0	0	0	0	0	0	0	0	0	0	0	0	0	0	0	0	0	0	0	0	0	0	0	0	0	0	0	
15/03/2022 17:56:03	0	0	6	14.99	15.03	0.2	2321	2800	4.208	4.2085	18.2	0	True	0.5016667	0.4966667	0.5	4.2	2.9241	0	4.243	4.254	100	-0.034	4.208	0	0	0	0	0	0	0	0	0	0	0	0	0	0	0	18.2	0	0	0	0	0	0	0	0	0	0	0	0	0	0	0	0	0	0	0	0	0	0	0	0	0	0	0	0	0	0	0	0	0	0	
15/03/2022 17:56:13	0	0	6	14.99	15.03	0.1	2319	2810	4.208	4.2085	18.2	0	True	0.4683333	0.41	0.4233333	4.2	2.9253	0	4.254	4.254	100	-0.034	4.208	0	0	0	0	0	0	0	0	0	0	0	0	0	0	0	18.2	0	0	0	0	0	0	0	0	0	0	0	0	0	0	0	0	0	0	0	0	0	0	0	0	0	0	0	0	0	0	0	0	0	0	
15/03/2022 17:56:23	0	0	6	14.99	15.03	0.1	2319	2820	4.208	4.2085	18.2	0	True	0.4466667	0.4083333	0.4283333	4.2	2.9264	0	4.243	4.254	100	-0.034	4.208	0	0	0	0	0	0	0	0	0	0	0	0	0	0	0	18.2	0	0	0	0	0	0	0	0	0	0	0	0	0	0	0	0	0	0	0	0	0	0	0	0	0	0	0	0	0	0	0	0	0	0	
15/03/2022 17:56:33	0	0	6	14.99	15.03	0.1	2319	2830	4.208	4.2085	18.2	0	True	0.43	0.405	0.405	4.2	2.9276	0	4.243	4.254	100	-0.034	4.208	0	0	0	0	0	0	0	0	0	0	0	0	0	0	0	18.2	0	0	0	0	0	0	0	0	0	0	0	0	0	0	0	0	0	0	0	0	0	0	0	0	0	0	0	0	0	0	0	0	0	0	
15/03/2022 17:56:43	0	0	6	14.99	15.03	0.1	2317	2840	4.208	4.2085	18.2	0	True	0.4133333	0.4116667	0.4	4.2	2.9287	0	4.243	4.254	100	-0.046	4.208	0	0	0	0	0	0	0	0	0	0	0	0	0	0	0	18.2	0	0	0	0	0	0	0	0	0	0	0	0	0	0	0	0	0	0	0	0	0	0	0	0	0	0	0	0	0	0	0	0	0	0	
15/03/2022 17:56:53	0	0	6	14.99	15.03	0.1	2313	2850	4.208	4.2085	18.2	0	True	0.385	0.3133333	0.3133333	4.2	2.9297	0	4.243	4.254	100	-0.034	4.208	0	0	0	0	0	0	0	0	0	0	0	0	0	0	0	18.2	0	0	0	0	0	0	0	0	0	0	0	0	0	0	0	0	0	0	0	0	0	0	0	0	0	0	0	0	0	0	0	0	0	0	
15/03/2022 17:57:03	0	0	6	14.99	15.03	0.1	2313	2860	4.208	4.2085	18.2	0	True	0.36	0.325	0.3133333	4.2	2.9306	0	4.243	4.254	100	-0.034	4.208	0	0	0	0	0	0	0	0	0	0	0	0	0	0	0	18.2	0	0	0	0	0	0	0	0	0	0	0	0	0	0	0	0	0	0	0	0	0	0	0	0	0	0	0	0	0	0	0	0	0	0	
15/03/2022 17:57:13	0	0	6	14.99	15.03	0.1	2313	2870	4.208	4.2085	18.2	0	True	0.3433333	0.3233333	0.3183333	4.2	2.9315	0	4.243	4.254	100	-0.034	4.208	0	0	0	0	0	0	0	0	0	0	0	0	0	0	0	18.2	0	0	0	0	0	0	0	0	0	0	0	0	0	0	0	0	0	0	0	0	0	0	0	0	0	0	0	0	0	0	0	0	0	0	
15/03/2022 17:57:23	0	0	6	14.99	15.03	0.1	2313	2880	4.208	4.2085	18.2	0	True	0.3266667	0.3216667	0.3133333	4.2	2.9324	0	4.243	4.254	100	-0.034	4.208	0	0	0	0	0	0	0	0	0	0	0	0	0	0	0	18.2	0	0	0	0	0	0	0	0	0	0	0	0	0	0	0	0	0	0	0	0	0	0	0	0	0	0	0	0	0	0	0	0	0	0	
15/03/2022 17:57:33	0	0	6	14.99	15.03	0.1	2313	2890	4.208	4.2085	18.2	0	True	0.32	0.3183333	0.3183333	4.2	2.9333	0	4.243	4.254	100	-0.034	4.208	0	0	0	0	0	0	0	0	0	0	0	0	0	0	0	18.2	0	0	0	0	0	0	0	0	0	0	0	0	0	0	0	0	0	0	0	0	0	0	0	0	0	0	0	0	0	0	0	0	0	0	
15/03/2022 17:57:43	0	0	6	15	15.03	0.1	2313	2900	4.208	4.2085	18.2	0	True	0.3183333	0.3183333	0.3233333	4.2	2.9342	0	4.243	4.254	100	-0.034	4.208	0	0	0	0	0	0	0	0	0	0	0	0	0	0	0	18.2	0	0	0	0	0	0	0	0	0	0	0	0	0	0	0	0	0	0	0	0	0	0	0	0	0	0	0	0	0	0	0	0	0	0	
15/03/2022 17:57:53	0	0	6	14.99	15.03	0.1	2313	2910	4.208	4.2085	18.2	0	True	0.3183333	0.3216667	0.3333333	4.2	2.935	0	4.243	4.254	100	-0.046	4.208	0	0	0	0	0	0	0	0	0	0	0	0	0	0	0	18.2	0	0	0	0	0	0	0	0	0	0	0	0	0	0	0	0	0	0	0	0	0	0	0	0	0	0	0	0	0	0	0	0	0	0	
15/03/2022 17:58:03	0	0	6	14.99	15.03	0.1	2311	2920	4.208	4.2085	18.2	0	True	0.295	0.23	0.23	4.2	2.9357	0	4.243	4.254	100	-0.034	4.208	0	0	0	0	0	0	0	0	0	0	0	0	0	0	0	18.2	0	0	0	0	0	0	0	0	0	0	0	0	0	0	0	0	0	0	0	0	0	0	0	0	0	0	0	0	0	0	0	0	0	0	
15/03/2022 17:58:13	0	0	6	14.99	15.03	0.1	2311	2930	4.208	4.2085	18.2	0	True	0.27	0.2366667	0.2366667	4.2	2.9364	0	4.243	4.254	100	-0.034	4.208	0	0	0	0	0	0	0	0	0	0	0	0	0	0	0	18.2	0	0	0	0	0	0	0	0	0	0	0	0	0	0	0	0	0	0	0	0	0	0	0	0	0	0	0	0	0	0	0	0	0	0	
15/03/2022 17:58:23	0	0	6	14.99	15.03	0.1	2311	2940	4.208	4.2085	18.2	0	True	0.2533333	0.23	0.225	4.2	2.937	0	4.243	4.254	100	-0.034	4.208	0	0	0	0	0	0	0	0	0	0	0	0	0	0	0	18.2	0	0	0	0	0	0	0	0	0	0	0	0	0	0	0	0	0	0	0	0	0	0	0	0	0	0	0	0	0	0	0	0	0	0	
15/03/2022 17:58:33	0	0	6	14.99	15.03	0.1	2311	2950	4.208	4.2084	18.2	0	True	0.2366667	0.225	0.225	4.2	2.9377	0	4.243	4.254	100	-0.034	4.208	0	0	0	0	0	0	0	0	0	0	0	0	0	0	0	18.2	0	0	0	0	0	0	0	0	0	0	0	0	0	0	0	0	0	0	0	0	0	0	0	0	0	0	0	0	0	0	0	0	0	0	
15/03/2022 17:58:43	0	0	6	14.99	15.03	0.1	2311	2957	4.208	4.2084	18.2	0	True	0.2366667	0.2383333	0.245	4.2	2.9382	0	4.243	4.254	100	-0.034	4.208	0	0	0	0	0	0	0	0	0	0	0	0	0	0	0	18.2	0	0	0	0	0	0	0	0	0	0	0	0	0	0	0	0	0	0	0	0	0	0	0	0	0	0	0	0	0	0	0	0	0	0	
15/03/2022 17:58:53	0	0	6	14.99	15.03	0.1	2311	2969	4.208	4.2084	18.2	0	True	0.2333333	0.23	0.2133333	4.2	2.9389	0	4.243	4.254	100	-0.046	4.208	0	0	0	0	0	0	0	0	0	0	0	0	0	0	0	18.2	0	0	0	0	0	0	0	0	0	0	0	0	0	0	0	0	0	0	0	0	0	0	0	0	0	0	0	0	0	0	0	0	0	0	
15/03/2022 17:59:03	0	0	6	14.99	15.03	0.1	2311	2979	4.208	4.2085	18.2	0	True	0.2316667	0.225	0.225	4.2	2.9396	0	4.243	4.254	100	-0.034	4.208	0	0	0	0	0	0	0	0	0	0	0	0	0	0	0	18.2	0	0	0	0	0	0	0	0	0	0	0	0	0	0	0	0	0	0	0	0	0	0	0	0	0	0	0	0	0	0	0	0	0	0	
15/03/2022 17:59:13	0	0	6	14.99	15.03	0.1	2311	2989	4.208	4.2085	18.2	0	True	0.2316667	0.2366667	0.2516667	4.2	2.9402	0	4.254	4.254	100	-0.034	4.208	0	0	0	0	0	0	0	0	0	0	0	0	0	0	0	18.2	0	0	0	0	0	0	0	0	0	0	0	0	0	0	0	0	0	0	0	0	0	0	0	0	0	0	0	0	0	0	0	0	0	0	
15/03/2022 17:59:23	0	0	6	14.99	15.03	0.1	2311	2999	4.208	4.2085	18.2	0	True	0.2333333	0.23	0.225	4.2	2.9409	0	4.254	4.254	100	-0.034	4.208	0	0	0	0	0	0	0	0	0	0	0	0	0	0	0	18.2	0	0	0	0	0	0	0	0	0	0	0	0	0	0	0	0	0	0	0	0	0	0	0	0	0	0	0	0	0	0	0	0	0	0	
15/03/2022 17:59:33	0	0	6	14.99	15.03	0.1	2311	3009	4.208	4.2085	18.2	0	True	0.2316667	0.2316667	0.2133333	4.2	2.9415	0	4.243	4.254	100	-0.034	4.208	0	0	0	0	0	0	0	0	0	0	0	0	0	0	0	18.2	0	0	0	0	0	0	0	0	0	0	0	0	0	0	0	0	0	0	0	0	0	0	0	0	0	0	0	0	0	0	0	0	0	0	
15/03/2022 17:59:43	0	0	6	14.99	15.03	0.1	2311	3019	4.208	4.2085	18.2	0	True	0.2283333	0.225	0.2133333	4.2	2.9422	0	4.243	4.254	100	-0.034	4.208	0	0	0	0	0	0	0	0	0	0	0	0	0	0	0	18.2	0	0	0	0	0	0	0	0	0	0	0	0	0	0	0	0	0	0	0	0	0	0	0	0	0	0	0	0	0	0	0	0	0	0	
15/03/2022 17:59:53	0	0	6	14.99	15.03	0.1	2311	3029	4.208	4.2085	18.2	0	True	0.225	0.225	0.2066667	4.2	2.9428	0	4.243	4.254	100	-0.034	4.208	0	0	0	0	0	0	0	0	0	0	0	0	0	0	0	18.2	0	0	0	0	0	0	0	0	0	0	0	0	0	0	0	0	0	0	0	0	0	0	0	0	0	0	0	0	0	0	0	0	0	0	
15/03/2022 18:00:03	0	0	6	14.99	15.03	0.1	2311	3039	4.208	4.2085	18.2	0	True	0.225	0.2233333	0.2133333	4.2	2.9434	0	4.243	4.254	100	-0.034	4.208	0	0	0	0	0	0	0	0	0	0	0	0	0	0	0	18.2	0	0	0	0	0	0	0	0	0	0	0	0	0	0	0	0	0	0	0	0	0	0	0	0	0	0	0	0	0	0	0	0	0	0	
15/03/2022 18:00:13	0	0	6	14.99	15.03	0.1	2309	3049	4.208	4.2085	18.2	0	True	0.225	0.2316667	0.2366667	4.2	2.944	0	4.243	4.254	100	-0.034	4.208	0	0	0	0	0	0	0	0	0	0	0	0	0	0	0	18.2	0	0	0	0	0	0	0	0	0	0	0	0	0	0	0	0	0	0	0	0	0	0	0	0	0	0	0	0	0	0	0	0	0	0	
15/03/2022 18:00:23	0	0	11	14.99	15.03	0	0	2	4.208	4.2085	18.2	0	True	0.185	0	0.003333333	4.2	2.9444	0	4.243	4.254	100	-0.034	4.208	0	0	0	0	0	0	0	0	0	0	0	0	0	0	0	18.2	0	0	0	0	0	0	0	0	0	0	0	0	0	0	0	0	0	0	0	0	0	0	0	0	0	0	0	0	0	0	0	0	0	0	
15/03/2022 18:00:33	0	0	11	14.99	15.03	0	0	12	4.206	4.2085	18.2	0	True	0.1033333	0	0.003333333	4.2	2.9444	0	4.243	4.254	100	-0.034	4.206	0	0	0	0	0	0	0	0	0	0	0	0	0	0	0	18.2	0	0	0	0	0	0	0	0	0	0	0	0	0	0	0	0	0	0	0	0	0	0	0	0	0	0	0	0	0	0	0	0	0	0	
15/03/2022 18:00:43	0	0	11	14.99	15.03	0	0	22	4.205	4.2085	18.2	0	True	0.06166667	0	0	4.2	2.9444	0	4.243	4.254	100	-0.034	4.205	0	0	0	0	0	0	0	0	0	0	0	0	0	0	0	18.2	0	0	0	0	0	0	0	0	0	0	0	0	0	0	0	0	0	0	0	0	0	0	0	0	0	0	0	0	0	0	0	0	0	0	
15/03/2022 18:00:53	0	0	11	14.99	15.03	0	0	32	4.205	4.2085	18.2	0	True	0.04	0	0.003333333	4.2	2.9444	0	4.243	4.254	100	-0.034	4.205	0	0	0	0	0	0	0	0	0	0	0	0	0	0	0	18.2	0	0	0	0	0	0	0	0	0	0	0	0	0	0	0	0	0	0	0	0	0	0	0	0	0	0	0	0	0	0	0	0	0	0	
15/03/2022 18:01:03	0	0	11	14.99	15.03	0	0	41	4.204	4.2085	18.2	0	True	0.02333333	0	0.003333333	4.2	2.9444	0	4.243	4.253	100	-0.034	4.204	0	0	0	0	0	0	0	0	0	0	0	0	0	0	0	18.2	0	0	0	0	0	0	0	0	0	0	0	0	0	0	0	0	0	0	0	0	0	0	0	0	0	0	0	0	0	0	0	0	0	0	
15/03/2022 18:01:13	0	0	11	14.99	15.03	0	0	51	4.204	4.2085	18.2	0	True	0.008333334	0	0	4.2	2.9444	0	4.243	4.25	100	-0.034	4.204	0	0	0	0	0	0	0	0	0	0	0	0	0	0	0	18.2	0	0	0	0	0	0	0	0	0	0	0	0	0	0	0	0	0	0	0	0	0	0	0	0	0	0	0	0	0	0	0	0	0	0	
15/03/2022 18:01:23	0	0	8	14.99	15.03	0	1666	1	4.197	4.1973	18.2	0	False	-0.003333333	-0.4016667	-1.423333	4.25	2.9444	0.0001	4.232	4.232	-1	-0.034	4.197	0	0	0	0	0	0	0	0	0	0	0	0	0	0	0	18.2	0	0	0	0	0	0	0	0	0	0	0	0	0	0	0	0	0	0	0	0	0	0	0	0	0	0	0	0	0	0	0	0	0	0	
15/03/2022 18:01:33	0	0	8	14.99	15	0	3414	11	4.157	4.1573	18.2	0	False	-4.058333	-4.248333	-4.251667	4.25	2.9444	0.011	4.197	4.186	-1	-0.034	4.157	0	0	0	0	0	0	0	0	0	0	0	0	0	0	0	18.2	0	0	0	0	0	0	0	0	0	0	0	0	0	0	0	0	0	0	0	0	0	0	0	0	0	0	0	0	0	0	0	0	0	0	
15/03/2022 18:01:43	0	0	8	14.99	15	0	3404	21	4.139	4.1398	18.2	0	False	-4.143333	-4.246666	-4.246666	4.25	2.9444	0.0228	4.174	4.174	-1	-0.046	4.139	0	0	0	0	0	0	0	0	0	0	0	0	0	0	0	18.2	0	0	0	0	0	0	0	0	0	0	0	0	0	0	0	0	0	0	0	0	0	0	0	0	0	0	0	0	0	0	0	0	0	0	
15/03/2022 18:01:53	0	0	8	14.99	15	0	3410	31	4.128	4.1273	18.2	0	False	-4.188334	-4.246666	-4.246666	4.25	2.9444	0.0346	4.163	4.174	-1	-0.046	4.128	0	0	0	0	0	0	0	0	0	0	0	0	0	0	0	18.2	0	0	0	0	0	0	0	0	0	0	0	0	0	0	0	0	0	0	0	0	0	0	0	0	0	0	0	0	0	0	0	0	0	0	
15/03/2022 18:02:03	0	0	8	14.99	15	0	3402	41	4.118	4.1185	18.2	0	False	-4.211667	-4.251667	-4.251667	4.25	2.9444	0.0464	4.151	4.151	-1	-0.034	4.118	0	0	0	0	0	0	0	0	0	0	0	0	0	0	0	18.2	0	0	0	0	0	0	0	0	0	0	0	0	0	0	0	0	0	0	0	0	0	0	0	0	0	0	0	0	0	0	0	0	0	0	
15/03/2022 18:02:13	0	0	8	14.99	15	0	3406	51	4.109	4.1098	18.2	0	False	-4.228333	-4.248333	-4.251667	4.25	2.9444	0.0582	4.14	4.14	-1	-0.034	4.109	0	0	0	0	0	0	0	0	0	0	0	0	0	0	0	18.2	0	0	0	0	0	0	0	0	0	0	0	0	0	0	0	0	0	0	0	0	0	0	0	0	0	0	0	0	0	0	0	0	0	0	
15/03/2022 18:02:23	0	0	8	14.99	15	0	3410	61	4.103	4.1035	18.2	0	False	-4.245	-4.248333	-4.258333	4.25	2.9444	0.0701	4.14	4.141	-1	-0.034	4.103	0	0	0	0	0	0	0	0	0	0	0	0	0	0	0	18.2	0	0	0	0	0	0	0	0	0	0	0	0	0	0	0	0	0	0	0	0	0	0	0	0	0	0	0	0	0	0	0	0	0	0	
15/03/2022 18:02:33	0	0	8	14.99	15	0	3404	71	4.097	4.0981	18.2	0	False	-4.25	-4.253334	-4.253334	4.25	2.9444	0.0819	4.128	4.14	-1	-0.034	4.097	0	0	0	0	0	0	0	0	0	0	0	0	0	0	0	18.2	0	0	0	0	0	0	0	0	0	0	0	0	0	0	0	0	0	0	0	0	0	0	0	0	0	0	0	0	0	0	0	0	0	0	
15/03/2022 18:02:43	0	0	8	14.99	15	0	3410	81	4.092	4.0922	18.2	0	False	-4.25	-4.245	-4.241667	4.25	2.9444	0.0937	4.128	4.139	-1	-0.034	4.092	0	0	0	0	0	0	0	0	0	0	0	0	0	0	0	18.2	0	0	0	0	0	0	0	0	0	0	0	0	0	0	0	0	0	0	0	0	0	0	0	0	0	0	0	0	0	0	0	0	0	0	
15/03/2022 18:02:53	0	0	8	14.99	15	0	3408	91	4.087	4.0872	18.2	0	False	-4.248333	-4.248333	-4.253334	4.25	2.9444	0.1055	4.117	4.128	-1	-0.046	4.087	0	0	0	0	0	0	0	0	0	0	0	0	0	0	0	18.2	0	0	0	0	0	0	0	0	0	0	0	0	0	0	0	0	0	0	0	0	0	0	0	0	0	0	0	0	0	0	0	0	0	0	
15/03/2022 18:03:03	0	0	8	14.99	15	0	3410	101	4.082	4.0823	18.2	0	False	-4.248333	-4.248333	-4.253334	4.25	2.9444	0.1173	4.117	4.128	-1	-0.034	4.082	0	0	0	0	0	0	0	0	0	0	0	0	0	0	0	18.2	0	0	0	0	0	0	0	0	0	0	0	0	0	0	0	0	0	0	0	0	0	0	0	0	0	0	0	0	0	0	0	0	0	0	
15/03/2022 18:03:13	0	0	8	14.99	15	0	3408	111	4.077	4.0772	18.2	0	False	-4.25	-4.251667	-4.253334	4.25	2.9444	0.129	4.105	4.117	-1	-0.034	4.077	0	0	0	0	0	0	0	0	0	0	0	0	0	0	0	18.2	0	0	0	0	0	0	0	0	0	0	0	0	0	0	0	0	0	0	0	0	0	0	0	0	0	0	0	0	0	0	0	0	0	0	
15/03/2022 18:03:23	0	0	8	14.99	15	0	3406	121	4.073	4.0733	18.2	0	False	-4.248333	-4.25	-4.241667	4.25	2.9444	0.1408	4.105	4.117	-1	-0.034	4.073	0	0	0	0	0	0	0	0	0	0	0	0	0	0	0	18.2	0	0	0	0	0	0	0	0	0	0	0	0	0	0	0	0	0	0	0	0	0	0	0	0	0	0	0	0	0	0	0	0	0	0	
15/03/2022 18:03:33	0	0	8	14.99	15	0	3408	130	4.069	4.0697	18.2	0	False	-4.246666	-4.246666	-4.241667	4.25	2.9444	0.1526	4.094	4.115	-1	-0.034	4.069	0	0	0	0	0	0	0	0	0	0	0	0	0	0	0	18.2	0	0	0	0	0	0	0	0	0	0	0	0	0	0	0	0	0	0	0	0	0	0	0	0	0	0	0	0	0	0	0	0	0	0	
15/03/2022 18:03:43	0	0	8	14.99	15	0	3410	140	4.065	4.066	18.2	0	False	-4.243333	-4.25	-4.241667	4.25	2.9444	0.1632	4.105	4.105	-1	-0.046	4.065	0	0	0	0	0	0	0	0	0	0	0	0	0	0	0	18.2	0	0	0	0	0	0	0	0	0	0	0	0	0	0	0	0	0	0	0	0	0	0	0	0	0	0	0	0	0	0	0	0	0	0	
15/03/2022 18:03:53	0	0	8	14.99	15	0	3404	150	4.063	4.0635	18.2	0	False	-4.243333	-4.251667	-4.253334	4.25	2.9444	0.175	4.094	4.105	-1	-0.046	4.063	0	0	0	0	0	0	0	0	0	0	0	0	0	0	0	18.2	0	0	0	0	0	0	0	0	0	0	0	0	0	0	0	0	0	0	0	0	0	0	0	0	0	0	0	0	0	0	0	0	0	0	
15/03/2022 18:04:03	0	0	8	14.99	15	0	3412	160	4.06	4.0608	18.2	0	False	-4.248333	-4.25	-4.258333	4.25	2.9444	0.1868	4.094	4.105	-1	-0.034	4.06	0	0	0	0	0	0	0	0	0	0	0	0	0	0	0	18.2	0	0	0	0	0	0	0	0	0	0	0	0	0	0	0	0	0	0	0	0	0	0	0	0	0	0	0	0	0	0	0	0	0	0	
15/03/2022 18:04:13	0	0	8	14.99	15	0	3410	170	4.057	4.0582	18.2	0	False	-4.248333	-4.25	-4.241667	4.25	2.9444	0.1986	4.094	4.103	-1	-0.023	4.057	0	0	0	0	0	0	0	0	0	0	0	0	0	0	0	18.2	0	0	0	0	0	0	0	0	0	0	0	0	0	0	0	0	0	0	0	0	0	0	0	0	0	0	0	0	0	0	0	0	0	0	
15/03/2022 18:04:23	0	0	8	14.98	15	0	3408	180	4.055	4.0556	18.2	0	False	-4.246666	-4.245	-4.236667	4.25	2.9444	0.2104	4.094	4.094	-1	-0.046	4.055	0	0	0	0	0	0	0	0	0	0	0	0	0	0	0	18.2	0	0	0	0	0	0	0	0	0	0	0	0	0	0	0	0	0	0	0	0	0	0	0	0	0	0	0	0	0	0	0	0	0	0	
15/03/2022 18:04:33	0	0	8	14.98	15	0	3414	188	4.053	4.0535	18.2	0	False	-4.25	-4.245	-4.258333	4.25	2.9444	0.2199	4.094	4.094	-1	-0.046	4.053	0	0	0	0	0	0	0	0	0	0	0	0	0	0	0	18.2	0	0	0	0	0	0	0	0	0	0	0	0	0	0	0	0	0	0	0	0	0	0	0	0	0	0	0	0	0	0	0	0	0	0	
15/03/2022 18:04:43	0	0	8	14.98	15	0	3416	200	4.05	4.051	18.2	0	False	-4.248333	-4.245	-4.235	4.25	2.9444	0.234	4.082	4.094	-1	-0.034	4.05	0	0	0	0	0	0	0	0	0	0	0	0	0	0	0	18.2	0	0	0	0	0	0	0	0	0	0	0	0	0	0	0	0	0	0	0	0	0	0	0	0	0	0	0	0	0	0	0	0	0	0	
15/03/2022 18:04:53	0	0	8	14.98	15	0	3414	210	4.048	4.0488	18.2	0	False	-4.248333	-4.241667	-4.241667	4.25	2.9444	0.2458	4.082	4.094	-1	-0.034	4.048	0	0	0	0	0	0	0	0	0	0	0	0	0	0	0	18.2	0	0	0	0	0	0	0	0	0	0	0	0	0	0	0	0	0	0	0	0	0	0	0	0	0	0	0	0	0	0	0	0	0	0	
15/03/2022 18:05:03	0	0	8	14.99	15	0	3412	220	4.047	4.0472	18.2	0	False	-4.248333	-4.245	-4.236667	4.25	2.9444	0.2577	4.082	4.094	-1	-0.034	4.047	0	0	0	0	0	0	0	0	0	0	0	0	0	0	0	18.2	0	0	0	0	0	0	0	0	0	0	0	0	0	0	0	0	0	0	0	0	0	0	0	0	0	0	0	0	0	0	0	0	0	0	
15/03/2022 18:05:13	0	0	8	14.98	15	0	3402	230	4.045	4.0455	18.2	0	False	-4.246666	-4.253334	-4.253334	4.25	2.9444	0.2695	4.071	4.082	-1	-0.034	4.045	0	0	0	0	0	0	0	0	0	0	0	0	0	0	0	18.2	0	0	0	0	0	0	0	0	0	0	0	0	0	0	0	0	0	0	0	0	0	0	0	0	0	0	0	0	0	0	0	0	0	0	
15/03/2022 18:05:23	0	0	8	14.99	15	0	3412	240	4.043	4.0435	18.2	0	False	-4.25	-4.243333	-4.258333	4.25	2.9444	0.2813	4.082	4.082	-1	-0.046	4.043	0	0	0	0	0	0	0	0	0	0	0	0	0	0	0	18.2	0	0	0	0	0	0	0	0	0	0	0	0	0	0	0	0	0	0	0	0	0	0	0	0	0	0	0	0	0	0	0	0	0	0	
15/03/2022 18:05:33	0	0	8	14.99	15	0	3418	250	4.042	4.0422	18.2	0	False	-4.25	-4.243333	-4.241667	4.25	2.9444	0.2931	4.082	4.082	-1	-0.034	4.042	0	0	0	0	0	0	0	0	0	0	0	0	0	0	0	18.2	0	0	0	0	0	0	0	0	0	0	0	0	0	0	0	0	0	0	0	0	0	0	0	0	0	0	0	0	0	0	0	0	0	0	
15/03/2022 18:05:43	0	0	8	14.98	15	0	3410	260	4.04	4.0409	18.2	0	False	-4.245	-4.246666	-4.276667	4.25	2.9444	0.3049	4.071	4.082	-1	-0.034	4.04	0	0	0	0	0	0	0	0	0	0	0	0	0	0	0	18.2	0	0	0	0	0	0	0	0	0	0	0	0	0	0	0	0	0	0	0	0	0	0	0	0	0	0	0	0	0	0	0	0	0	0	
15/03/2022 18:05:53	0	0	8	14.99	15	0	3408	270	4.038	4.0392	18.2	0	False	-4.246666	-4.246666	-4.253334	4.25	2.9444	0.3167	4.071	4.082	-1	-0.034	4.038	0	0	0	0	0	0	0	0	0	0	0	0	0	0	0	18.2	0	0	0	0	0	0	0	0	0	0	0	0	0	0	0	0	0	0	0	0	0	0	0	0	0	0	0	0	0	0	0	0	0	0	
15/03/2022 18:06:03	0	0	8	14.98	15	0	3410	280	4.037	4.0379	18.2	0	False	-4.248333	-4.246666	-4.236667	4.25	2.9444	0.3285	4.082	4.082	-1	-0.023	4.037	0	0	0	0	0	0	0	0	0	0	0	0	0	0	0	18.2	0	0	0	0	0	0	0	0	0	0	0	0	0	0	0	0	0	0	0	0	0	0	0	0	0	0	0	0	0	0	0	0	0	0	
15/03/2022 18:06:13	0	0	8	14.98	15	0	3412	290	4.035	4.0361	18.2	0	False	-4.245	-4.241667	-4.241667	4.25	2.9444	0.3403	4.071	4.082	-1	-0.034	4.035	0	0	0	0	0	0	0	0	0	0	0	0	0	0	0	18.2	0	0	0	0	0	0	0	0	0	0	0	0	0	0	0	0	0	0	0	0	0	0	0	0	0	0	0	0	0	0	0	0	0	0	
15/03/2022 18:06:23	0	0	8	14.98	15	0	3410	300	4.034	4.0347	18.2	0	False	-4.248333	-4.245	-4.231667	4.25	2.9444	0.3521	4.071	4.081	-1	-0.046	4.034	0	0	0	0	0	0	0	0	0	0	0	0	0	0	0	18.2	0	0	0	0	0	0	0	0	0	0	0	0	0	0	0	0	0	0	0	0	0	0	0	0	0	0	0	0	0	0	0	0	0	0	
15/03/2022 18:06:33	0	0	8	14.99	15	0	3408	309	4.033	4.0335	18.2	0	False	-4.25	-4.248333	-4.258333	4.25	2.9444	0.3639	4.071	4.075	-1	-0.046	4.033	0	0	0	0	0	0	0	0	0	0	0	0	0	0	0	18.2	0	0	0	0	0	0	0	0	0	0	0	0	0	0	0	0	0	0	0	0	0	0	0	0	0	0	0	0	0	0	0	0	0	0	
15/03/2022 18:06:43	0	0	8	14.99	15	0	3398	319	4.032	4.0322	18.2	0	False	-4.246666	-4.253334	-4.253334	4.25	2.9444	0.3746	4.071	4.071	-1	-0.034	4.032	0	0	0	0	0	0	0	0	0	0	0	0	0	0	0	18.2	0	0	0	0	0	0	0	0	0	0	0	0	0	0	0	0	0	0	0	0	0	0	0	0	0	0	0	0	0	0	0	0	0	0	
15/03/2022 18:06:53	0	0	8	14.98	15	0	3412	329	4.03	4.031	18.2	0	False	-4.246666	-4.241667	-4.241667	4.25	2.9444	0.3863	4.06	4.071	-1	-0.046	4.03	0	0	0	0	0	0	0	0	0	0	0	0	0	0	0	18.2	0	0	0	0	0	0	0	0	0	0	0	0	0	0	0	0	0	0	0	0	0	0	0	0	0	0	0	0	0	0	0	0	0	0	
15/03/2022 18:07:03	0	0	8	14.98	15	0	3406	339	4.029	4.0297	18.2	0	False	-4.248333	-4.248333	-4.241667	4.25	2.9444	0.3981	4.071	4.071	-1	-0.034	4.029	0	0	0	0	0	0	0	0	0	0	0	0	0	0	0	18.2	0	0	0	0	0	0	0	0	0	0	0	0	0	0	0	0	0	0	0	0	0	0	0	0	0	0	0	0	0	0	0	0	0	0	
15/03/2022 18:07:13	0	0	8	14.98	15	0	3404	349	4.028	4.0285	18.2	0	False	-4.243333	-4.251667	-4.263333	4.25	2.9444	0.4099	4.06	4.071	-1	-0.046	4.028	0	0	0	0	0	0	0	0	0	0	0	0	0	0	0	18.2	0	0	0	0	0	0	0	0	0	0	0	0	0	0	0	0	0	0	0	0	0	0	0	0	0	0	0	0	0	0	0	0	0	0	
15/03/2022 18:07:23	0	0	8	14.98	15	0	3410	359	4.027	4.0272	18.2	0	False	-4.248333	-4.241667	-4.236667	4.25	2.9444	0.4217	4.071	4.071	-1	-0.034	4.027	0	0	0	0	0	0	0	0	0	0	0	0	0	0	0	18.2	0	0	0	0	0	0	0	0	0	0	0	0	0	0	0	0	0	0	0	0	0	0	0	0	0	0	0	0	0	0	0	0	0	0	
15/03/2022 18:07:33	0	0	8	14.99	15	0	3408	369	4.025	4.026	18.2	0	False	-4.246666	-4.245	-4.236667	4.25	2.9444	0.4335	4.06	4.071	-1	-0.034	4.025	0	0	0	0	0	0	0	0	0	0	0	0	0	0	0	18.2	0	0	0	0	0	0	0	0	0	0	0	0	0	0	0	0	0	0	0	0	0	0	0	0	0	0	0	0	0	0	0	0	0	0	
15/03/2022 18:07:43	0	0	8	14.98	15	0	3414	378	4.024	4.0247	18.2	0	False	-4.25	-4.243333	-4.253334	4.25	2.9444	0.4442	4.06	4.071	-1	-0.034	4.024	0	0	0	0	0	0	0	0	0	0	0	0	0	0	0	18.2	0	0	0	0	0	0	0	0	0	0	0	0	0	0	0	0	0	0	0	0	0	0	0	0	0	0	0	0	0	0	0	0	0	0	
15/03/2022 18:07:53	0	0	8	14.99	15	0	3420	389	4.023	4.0235	18.2	0	False	-4.25	-4.24	-4.236667	4.25	2.9444	0.4571	4.06	4.062	-1	-0.034	4.023	0	0	0	0	0	0	0	0	0	0	0	0	0	0	0	18.2	0	0	0	0	0	0	0	0	0	0	0	0	0	0	0	0	0	0	0	0	0	0	0	0	0	0	0	0	0	0	0	0	0	0	
15/03/2022 18:08:03	0	0	8	14.98	15	0	3398	399	4.022	4.0222	18.2	0	False	-4.245	-4.253334	-4.253334	4.25	2.9444	0.4689	4.06	4.06	-1	-0.034	4.022	0	0	0	0	0	0	0	0	0	0	0	0	0	0	0	18.2	0	0	0	0	0	0	0	0	0	0	0	0	0	0	0	0	0	0	0	0	0	0	0	0	0	0	0	0	0	0	0	0	0	0	
15/03/2022 18:08:13	0	0	8	14.99	15	0	3408	409	4.02	4.021	18.2	0	False	-4.246666	-4.25	-4.231667	4.25	2.9444	0.4808	4.06	4.06	-1	-0.046	4.02	0	0	0	0	0	0	0	0	0	0	0	0	0	0	0	18.2	0	0	0	0	0	0	0	0	0	0	0	0	0	0	0	0	0	0	0	0	0	0	0	0	0	0	0	0	0	0	0	0	0	0	
15/03/2022 18:08:23	0	0	8	14.99	15	0	3410	419	4.019	4.0197	18.2	0	False	-4.25	-4.25	-4.236667	4.25	2.9444	0.4926	4.048	4.06	-1	-0.046	4.019	0	0	0	0	0	0	0	0	0	0	0	0	0	0	0	18.2	0	0	0	0	0	0	0	0	0	0	0	0	0	0	0	0	0	0	0	0	0	0	0	0	0	0	0	0	0	0	0	0	0	0	
15/03/2022 18:08:33	0	0	8	14.98	15	0	3412	429	4.018	4.0185	18.2	0	False	-4.245	-4.245	-4.258333	4.25	2.9444	0.5043	4.048	4.06	-1	-0.034	4.018	0	0	0	0	0	0	0	0	0	0	0	0	0	0	0	18.2	0	0	0	0	0	0	0	0	0	0	0	0	0	0	0	0	0	0	0	0	0	0	0	0	0	0	0	0	0	0	0	0	0	0	
15/03/2022 18:08:43	0	0	8	14.98	15	0	3410	439	4.017	4.0172	18.2	0	False	-4.245	-4.248333	-4.265	4.25	2.9444	0.5161	4.048	4.06	-1	-0.046	4.017	0	0	0	0	0	0	0	0	0	0	0	0	0	0	0	18.2	0	0	0	0	0	0	0	0	0	0	0	0	0	0	0	0	0	0	0	0	0	0	0	0	0	0	0	0	0	0	0	0	0	0	
15/03/2022 18:08:53	0	0	8	14.98	15	0	3404	449	4.015	4.016	18.2	0	False	-4.25	-4.251667	-4.258333	4.25	2.9444	0.5279	4.048	4.06	-1	-0.034	4.015	0	0	0	0	0	0	0	0	0	0	0	0	0	0	0	18.2	0	0	0	0	0	0	0	0	0	0	0	0	0	0	0	0	0	0	0	0	0	0	0	0	0	0	0	0	0	0	0	0	0	0	
15/03/2022 18:09:03	0	0	8	14.98	15	0	3410	459	4.014	4.0147	18.2	0	False	-4.248333	-4.248333	-4.241667	4.25	2.9444	0.5397	4.06	4.06	-1	-0.034	4.014	0	0	0	0	0	0	0	0	0	0	0	0	0	0	0	18.2	0	0	0	0	0	0	0	0	0	0	0	0	0	0	0	0	0	0	0	0	0	0	0	0	0	0	0	0	0	0	0	0	0	0	
15/03/2022 18:09:13	0	0	8	14.98	15	0	3404	469	4.013	4.0135	18.2	0	False	-4.246666	-4.253334	-4.258333	4.25	2.9444	0.5515	4.048	4.058	-1	-0.034	4.013	0	0	0	0	0	0	0	0	0	0	0	0	0	0	0	18.2	0	0	0	0	0	0	0	0	0	0	0	0	0	0	0	0	0	0	0	0	0	0	0	0	0	0	0	0	0	0	0	0	0	0	
15/03/2022 18:09:23	0	0	8	14.99	15	0	3410	479	4.012	4.0122	18.2	0	False	-4.248333	-4.245	-4.236667	4.25	2.9444	0.5633	4.048	4.052	-1	-0.034	4.012	0	0	0	0	0	0	0	0	0	0	0	0	0	0	0	18.2	0	0	0	0	0	0	0	0	0	0	0	0	0	0	0	0	0	0	0	0	0	0	0	0	0	0	0	0	0	0	0	0	0	0	
15/03/2022 18:09:33	0	0	8	14.98	15	0	3404	489	4.01	4.0109	18.2	0	False	-4.246666	-4.248333	-4.22	4.25	2.9444	0.5751	4.037	4.048	-1	-0.046	4.01	0	0	0	0	0	0	0	0	0	0	0	0	0	0	0	18.2	0	0	0	0	0	0	0	0	0	0	0	0	0	0	0	0	0	0	0	0	0	0	0	0	0	0	0	0	0	0	0	0	0	0	
15/03/2022 18:09:43	0	0	8	14.99	15	0	3406	499	4.008	4.0089	18.2	0	False	-4.248333	-4.251667	-4.258333	4.25	2.9444	0.5869	4.048	4.048	-1	-0.046	4.008	0	0	0	0	0	0	0	0	0	0	0	0	0	0	0	18.2	0	0	0	0	0	0	0	0	0	0	0	0	0	0	0	0	0	0	0	0	0	0	0	0	0	0	0	0	0	0	0	0	0	0	
15/03/2022 18:09:53	0	0	8	14.98	15	0	3404	508	4.007	4.0072	18.2	0	False	-4.25	-4.251667	-4.215	4.25	2.9444	0.5987	4.048	4.048	-1	-0.046	4.007	0	0	0	0	0	0	0	0	0	0	0	0	0	0	0	18.2	0	0	0	0	0	0	0	0	0	0	0	0	0	0	0	0	0	0	0	0	0	0	0	0	0	0	0	0	0	0	0	0	0	0	
15/03/2022 18:10:03	0	0	8	14.98	15	0	3408	518	4.005	4.0057	18.2	0	False	-4.248333	-4.251667	-4.253334	4.25	2.9444	0.6093	4.048	4.048	-1	-0.034	4.005	0	0	0	0	0	0	0	0	0	0	0	0	0	0	0	18.2	0	0	0	0	0	0	0	0	0	0	0	0	0	0	0	0	0	0	0	0	0	0	0	0	0	0	0	0	0	0	0	0	0	0	
15/03/2022 18:10:13	0	0	8	14.98	15	0	3402	528	4.003	4.0041	18.2	0	False	-4.245	-4.246666	-4.253334	4.25	2.9444	0.6211	4.037	4.048	-1	-0.034	4.003	0	0	0	0	0	0	0	0	0	0	0	0	0	0	0	18.2	0	0	0	0	0	0	0	0	0	0	0	0	0	0	0	0	0	0	0	0	0	0	0	0	0	0	0	0	0	0	0	0	0	0	
15/03/2022 18:10:23	0	0	8	14.99	15	0	3402	538	4.002	4.0022	18.2	0	False	-4.245	-4.251667	-4.241667	4.25	2.9444	0.6329	4.037	4.047	-1	-0.034	4.002	0	0	0	0	0	0	0	0	0	0	0	0	0	0	0	18.2	0	0	0	0	0	0	0	0	0	0	0	0	0	0	0	0	0	0	0	0	0	0	0	0	0	0	0	0	0	0	0	0	0	0	
15/03/2022 18:10:33	0	0	8	14.98	15	0	3416	548	3.999	4	18.2	0	False	-4.248333	-4.243333	-4.236667	4.25	2.9444	0.6447	4.025	4.039	-1	-0.023	3.999	0	0	0	0	0	0	0	0	0	0	0	0	0	0	0	18.2	0	0	0	0	0	0	0	0	0	0	0	0	0	0	0	0	0	0	0	0	0	0	0	0	0	0	0	0	0	0	0	0	0	0	
15/03/2022 18:10:43	0	0	8	14.99	15	0	3402	558	3.998	3.9983	18.2	0	False	-4.246666	-4.253334	-4.253334	4.25	2.9444	0.6565	4.037	4.037	-1	-0.046	3.998	0	0	0	0	0	0	0	0	0	0	0	0	0	0	0	18.2	0	0	0	0	0	0	0	0	0	0	0	0	0	0	0	0	0	0	0	0	0	0	0	0	0	0	0	0	0	0	0	0	0	0	
15/03/2022 18:10:53	0	0	8	14.99	15	0	3414	568	3.995	3.996	18.2	0	False	-4.25	-4.246666	-4.246666	4.25	2.9444	0.6683	4.025	4.037	-1	-0.034	3.995	0	0	0	0	0	0	0	0	0	0	0	0	0	0	0	18.2	0	0	0	0	0	0	0	0	0	0	0	0	0	0	0	0	0	0	0	0	0	0	0	0	0	0	0	0	0	0	0	0	0	0	
15/03/2022 18:11:03	0	0	8	14.98	15	0	3410	578	3.993	3.9935	18.2	0	False	-4.246666	-4.25	-4.241667	4.25	2.9444	0.6801	4.025	4.037	-1	-0.046	3.993	0	0	0	0	0	0	0	0	0	0	0	0	0	0	0	18.2	0	0	0	0	0	0	0	0	0	0	0	0	0	0	0	0	0	0	0	0	0	0	0	0	0	0	0	0	0	0	0	0	0	0	
15/03/2022 18:11:13	0	0	8	14.98	15	0	3410	588	3.99	3.991	18.2	0	False	-4.248333	-4.25	-4.276667	4.25	2.9444	0.6919	4.037	4.037	-1	-0.046	3.99	0	0	0	0	0	0	0	0	0	0	0	0	0	0	0	18.2	0	0	0	0	0	0	0	0	0	0	0	0	0	0	0	0	0	0	0	0	0	0	0	0	0	0	0	0	0	0	0	0	0	0	
15/03/2022 18:11:23	0	0	8	14.98	15	0	3404	598	3.988	3.9885	18.2	0	False	-4.248333	-4.251667	-4.258333	4.25	2.9444	0.7037	4.025	4.025	-1	-0.034	3.988	0	0	0	0	0	0	0	0	0	0	0	0	0	0	0	18.2	0	0	0	0	0	0	0	0	0	0	0	0	0	0	0	0	0	0	0	0	0	0	0	0	0	0	0	0	0	0	0	0	0	0	
15/03/2022 18:11:33	0	0	8	14.98	15	0	3404	608	3.985	3.986	18.2	0	False	-4.248333	-4.248333	-4.258333	4.25	2.9444	0.7155	4.025	4.025	-1	-0.034	3.985	0	0	0	0	0	0	0	0	0	0	0	0	0	0	0	18.2	0	0	0	0	0	0	0	0	0	0	0	0	0	0	0	0	0	0	0	0	0	0	0	0	0	0	0	0	0	0	0	0	0	0	
15/03/2022 18:11:43	0	0	8	14.98	15	0	3400	618	3.983	3.9835	18.2	0	False	-4.248333	-4.253334	-4.253334	4.25	2.9444	0.7273	4.014	4.025	-1	-0.034	3.983	0	0	0	0	0	0	0	0	0	0	0	0	0	0	0	18.2	0	0	0	0	0	0	0	0	0	0	0	0	0	0	0	0	0	0	0	0	0	0	0	0	0	0	0	0	0	0	0	0	0	0	
15/03/2022 18:11:53	0	0	8	14.98	15	0	3400	625	3.981	3.9814	18.2	0	False	-4.25	-4.253334	-4.241667	4.25	2.9444	0.7356	4.014	4.025	-1	-0.034	3.981	0	0	0	0	0	0	0	0	0	0	0	0	0	0	0	18.2	0	0	0	0	0	0	0	0	0	0	0	0	0	0	0	0	0	0	0	0	0	0	0	0	0	0	0	0	0	0	0	0	0	0	
15/03/2022 18:12:03	0	0	8	14.98	15	0	3404	638	3.977	3.9772	18.2	0	False	-4.248333	-4.251667	-4.258333	4.25	2.9444	0.7509	4.002	4.014	-1	-0.034	3.977	0	0	0	0	0	0	0	0	0	0	0	0	0	0	0	18.2	0	0	0	0	0	0	0	0	0	0	0	0	0	0	0	0	0	0	0	0	0	0	0	0	0	0	0	0	0	0	0	0	0	0	
15/03/2022 18:12:13	0	0	8	14.99	15	0	3406	648	3.974	3.9746	18.2	0	False	-4.246666	-4.248333	-4.253334	4.25	2.9444	0.7627	4.002	4.014	-1	-0.034	3.974	0	0	0	0	0	0	0	0	0	0	0	0	0	0	0	18.2	0	0	0	0	0	0	0	0	0	0	0	0	0	0	0	0	0	0	0	0	0	0	0	0	0	0	0	0	0	0	0	0	0	0	
15/03/2022 18:12:23	0	0	8	14.98	15	0	3408	658	3.97	3.971	18.2	0	False	-4.248333	-4.248333	-4.231667	4.25	2.9444	0.7745	4.002	4.014	-1	-0.034	3.97	0	0	0	0	0	0	0	0	0	0	0	0	0	0	0	18.2	0	0	0	0	0	0	0	0	0	0	0	0	0	0	0	0	0	0	0	0	0	0	0	0	0	0	0	0	0	0	0	0	0	0	
15/03/2022 18:12:33	0	0	8	14.98	15	0	3410	668	3.968	3.9684	18.2	0	False	-4.246666	-4.245	-4.231667	4.25	2.9444	0.7863	4.002	4.013	-1	-0.034	3.968	0	0	0	0	0	0	0	0	0	0	0	0	0	0	0	18.2	0	0	0	0	0	0	0	0	0	0	0	0	0	0	0	0	0	0	0	0	0	0	0	0	0	0	0	0	0	0	0	0	0	0	
15/03/2022 18:12:43	0	0	8	14.98	15	0	3412	678	3.964	3.9647	18.2	0	False	-4.248333	-4.245	-4.223333	4.25	2.9444	0.7981	4.002	4.002	-1	-0.046	3.964	0	0	0	0	0	0	0	0	0	0	0	0	0	0	0	18.2	0	0	0	0	0	0	0	0	0	0	0	0	0	0	0	0	0	0	0	0	0	0	0	0	0	0	0	0	0	0	0	0	0	0	
15/03/2022 18:12:53	0	0	8	14.98	15	0	3414	688	3.96	3.9611	18.2	0	False	-4.246666	-4.245	-4.231667	4.25	2.9444	0.8099	3.991	4.002	-1	-0.034	3.96	0	0	0	0	0	0	0	0	0	0	0	0	0	0	0	18.2	0	0	0	0	0	0	0	0	0	0	0	0	0	0	0	0	0	0	0	0	0	0	0	0	0	0	0	0	0	0	0	0	0	0	
15/03/2022 18:13:03	0	0	8	14.99	15	0	3412	698	3.957	3.9581	18.2	0	False	-4.245	-4.243333	-4.258333	4.25	2.9444	0.8217	3.991	4.002	-1	-0.034	3.957	0	0	0	0	0	0	0	0	0	0	0	0	0	0	0	18.2	0	0	0	0	0	0	0	0	0	0	0	0	0	0	0	0	0	0	0	0	0	0	0	0	0	0	0	0	0	0	0	0	0	0	
15/03/2022 18:13:13	0	0	8	14.99	15	0	3408	707	3.954	3.9543	18.2	0	False	-4.248333	-4.245	-4.276667	4.25	2.9444	0.8324	3.979	3.991	-1	-0.046	3.954	0	0	0	0	0	0	0	0	0	0	0	0	0	0	0	18.2	0	0	0	0	0	0	0	0	0	0	0	0	0	0	0	0	0	0	0	0	0	0	0	0	0	0	0	0	0	0	0	0	0	0	
15/03/2022 18:13:23	0	0	8	14.98	15	0	3400	717	3.95	3.9509	18.2	0	False	-4.243333	-4.253334	-4.253334	4.25	2.9444	0.8441	3.979	3.991	-1	-0.034	3.95	0	0	0	0	0	0	0	0	0	0	0	0	0	0	0	18.2	0	0	0	0	0	0	0	0	0	0	0	0	0	0	0	0	0	0	0	0	0	0	0	0	0	0	0	0	0	0	0	0	0	0	
15/03/2022 18:13:33	0	0	8	14.98	15	0	3414	727	3.946	3.9471	18.2	0	False	-4.245	-4.243333	-4.236667	4.25	2.9444	0.8559	3.979	3.989	-1	-0.034	3.946	0	0	0	0	0	0	0	0	0	0	0	0	0	0	0	18.2	0	0	0	0	0	0	0	0	0	0	0	0	0	0	0	0	0	0	0	0	0	0	0	0	0	0	0	0	0	0	0	0	0	0	
15/03/2022 18:13:43	0	0	8	14.98	15	0	3414	737	3.941	3.9421	18.2	0	False	-4.246666	-4.246666	-4.236667	4.25	2.9444	0.8677	3.979	3.979	-1	-0.034	3.941	0	0	0	0	0	0	0	0	0	0	0	0	0	0	0	18.2	0	0	0	0	0	0	0	0	0	0	0	0	0	0	0	0	0	0	0	0	0	0	0	0	0	0	0	0	0	0	0	0	0	0	
15/03/2022 18:13:53	0	0	8	14.98	15	0	3404	747	3.938	3.9385	18.2	0	False	-4.245	-4.25	-4.235	4.25	2.9444	0.8795	3.968	3.979	-1	-0.034	3.938	0	0	0	0	0	0	0	0	0	0	0	0	0	0	0	18.2	0	0	0	0	0	0	0	0	0	0	0	0	0	0	0	0	0	0	0	0	0	0	0	0	0	0	0	0	0	0	0	0	0	0	
15/03/2022 18:14:03	0	0	8	14.98	15	0	3402	757	3.934	3.9346	18.2	0	False	-4.248333	-4.255	-4.253334	4.25	2.9444	0.8913	3.968	3.976	-1	-0.034	3.934	0	0	0	0	0	0	0	0	0	0	0	0	0	0	0	18.2	0	0	0	0	0	0	0	0	0	0	0	0	0	0	0	0	0	0	0	0	0	0	0	0	0	0	0	0	0	0	0	0	0	0	
15/03/2022 18:14:13	0	0	8	14.98	15	0	3408	767	3.93	3.931	18.2	0	False	-4.25	-4.25	-4.258333	4.25	2.9444	0.9031	3.956	3.968	-1	-0.046	3.93	0	0	0	0	0	0	0	0	0	0	0	0	0	0	0	18.2	0	0	0	0	0	0	0	0	0	0	0	0	0	0	0	0	0	0	0	0	0	0	0	0	0	0	0	0	0	0	0	0	0	0	
15/03/2022 18:14:23	0	0	8	14.98	15	0	3406	777	3.927	3.9272	18.2	0	False	-4.248333	-4.246666	-4.258333	4.25	2.9444	0.9149	3.968	3.968	-1	-0.046	3.927	0	0	0	0	0	0	0	0	0	0	0	0	0	0	0	18.2	0	0	0	0	0	0	0	0	0	0	0	0	0	0	0	0	0	0	0	0	0	0	0	0	0	0	0	0	0	0	0	0	0	0	
15/03/2022 18:14:33	0	0	8	14.98	15	0	3400	787	3.923	3.9234	18.2	0	False	-4.248333	-4.25	-4.268333	4.25	2.9444	0.9267	3.956	3.967	-1	-0.034	3.923	0	0	0	0	0	0	0	0	0	0	0	0	0	0	0	18.2	0	0	0	0	0	0	0	0	0	0	0	0	0	0	0	0	0	0	0	0	0	0	0	0	0	0	0	0	0	0	0	0	0	0	
15/03/2022 18:14:43	0	0	8	14.98	15	0	3406	797	3.919	3.9196	18.2	0	False	-4.25	-4.25	-4.22	4.25	2.9444	0.9385	3.956	3.956	-1	-0.034	3.919	0	0	0	0	0	0	0	0	0	0	0	0	0	0	0	18.2	0	0	0	0	0	0	0	0	0	0	0	0	0	0	0	0	0	0	0	0	0	0	0	0	0	0	0	0	0	0	0	0	0	0	
15/03/2022 18:14:53	0	0	8	14.98	15	0	3408	807	3.915	3.9158	18.2	0	False	-4.245	-4.248333	-4.236667	4.25	2.9444	0.9503	3.945	3.956	-1	-0.046	3.915	0	0	0	0	0	0	0	0	0	0	0	0	0	0	0	18.2	0	0	0	0	0	0	0	0	0	0	0	0	0	0	0	0	0	0	0	0	0	0	0	0	0	0	0	0	0	0	0	0	0	0	
15/03/2022 18:15:03	0	0	8	14.98	15	0	3410	817	3.912	3.9122	18.2	0	False	-4.251667	-4.253334	-4.253334	4.25	2.9444	0.9621	3.933	3.954	-1	-0.034	3.912	0	0	0	0	0	0	0	0	0	0	0	0	0	0	0	18.2	0	0	0	0	0	0	0	0	0	0	0	0	0	0	0	0	0	0	0	0	0	0	0	0	0	0	0	0	0	0	0	0	0	0	
15/03/2022 18:15:13	0	0	8	14.98	15	0	3412	827	3.908	3.9085	18.2	0	False	-4.25	-4.245	-4.265	4.25	2.9444	0.9739	3.933	3.945	-1	-0.034	3.908	0	0	0	0	0	0	0	0	0	0	0	0	0	0	0	18.2	0	0	0	0	0	0	0	0	0	0	0	0	0	0	0	0	0	0	0	0	0	0	0	0	0	0	0	0	0	0	0	0	0	0	
15/03/2022 18:15:23	0	0	8	14.98	15	0	3398	837	3.904	3.9047	18.2	0	False	-4.25	-4.255	-4.253334	4.25	2.9444	0.9858	3.933	3.945	-1	-0.034	3.904	0	0	0	0	0	0	0	0	0	0	0	0	0	0	0	18.2	0	0	0	0	0	0	0	0	0	0	0	0	0	0	0	0	0	0	0	0	0	0	0	0	0	0	0	0	0	0	0	0	0	0	
15/03/2022 18:15:33	0	0	8	14.99	15	0	3404	847	3.9	3.901	18.2	0	False	-4.248333	-4.25	-4.253334	4.25	2.9444	0.9976	3.933	3.942	-1	-0.034	3.9	0	0	0	0	0	0	0	0	0	0	0	0	0	0	0	18.2	0	0	0	0	0	0	0	0	0	0	0	0	0	0	0	0	0	0	0	0	0	0	0	0	0	0	0	0	0	0	0	0	0	0	
15/03/2022 18:15:43	0	0	8	14.98	15	0	3410	857	3.897	3.8976	18.2	0	False	-4.248333	-4.248333	-4.236667	4.25	2.9444	1.0094	3.933	3.933	-1	-0.034	3.897	0	0	0	0	0	0	0	0	0	0	0	0	0	0	0	18.2	0	0	0	0	0	0	0	0	0	0	0	0	0	0	0	0	0	0	0	0	0	0	0	0	0	0	0	0	0	0	0	0	0	0	
15/03/2022 18:15:53	0	0	8	14.98	15	0	3404	867	3.894	3.8944	18.2	0	False	-4.245	-4.25	-4.265	4.25	2.9444	1.0212	3.933	3.933	-1	-0.034	3.894	0	0	0	0	0	0	0	0	0	0	0	0	0	0	0	18.2	0	0	0	0	0	0	0	0	0	0	0	0	0	0	0	0	0	0	0	0	0	0	0	0	0	0	0	0	0	0	0	0	0	0	
15/03/2022 18:16:03	0	0	8	14.98	15	0	3410	877	3.89	3.8909	18.2	0	False	-4.245	-4.243333	-4.241667	4.25	2.9444	1.033	3.922	3.933	-1	-0.034	3.89	0	0	0	0	0	0	0	0	0	0	0	0	0	0	0	18.2	0	0	0	0	0	0	0	0	0	0	0	0	0	0	0	0	0	0	0	0	0	0	0	0	0	0	0	0	0	0	0	0	0	0	
