DateTime	SlaveNum	Cycle	Mode	SupplyVolts	LSupplyVolts	SupplyAmps	PWM	SecTimer	AvgCellVolts	MaxCellVolts	AvgIR	FallBackVolts	CVStarted	SlowAmps	AvgAmps	FastAmps	SetAmps	AhrIN	AhrOUT	PackVolts	AvgPackVolts	Fuel1	SumError	Cell1Volts	Cell2Volts	Cell3Volts	Cell4Volts	Cell5Volts	Cell6Volts	Cell7Volts	Cell8Volts	Cell9Volts	Cell10Volts	Cell11Volts	Cell12Volts	Cell13Volts	Cell14Volts	Cell15Volts	Cell16Volts	Cell1IR	Cell2IR	Cell3IR	Cell4IR	Cell5IR	Cell6IR	Cell7IR	Cell8IR	Cell9IR	Cell10IR	Cell11IR	Cell12IR	Cell13IR	Cell14IR	Cell15IR	Cell16IR	BP1PWM	BP2PWM	BP3PWM	BP4PWM	BP5PWM	BP6PWM	BP7PWM	BP8PWM	BP9PWM	BP10PWM	BP11PWM	BP12PWM	BP13PWM	BP14PWM	BP15PWM	BP16PWM	Debug1	Debug2	Debug3	
15/03/2022 22:39:38	0	0	8	14.99	15.02	0	2160	11	4.169	4.1685	0	0	False	-0.7083333	-0.6683334	-1.911667	10	0	0.0007	4.209	4.209	-1	-0.046	4.169	0	0	0	0	0	0	0	0	0	0	0	0	0	0	0	0	0	0	0	0	0	0	0	0	0	0	0	0	0	0	0	0	0	0	0	0	0	0	0	0	0	0	0	0	0	0	0	0	0	0	
15/03/2022 22:39:40	0	0	8	14.99	15	0	4320	13	4.147	4.1473	0	0	False	-2.811667	-2.75	-4.658333	10	0	0.0016	4.186	4.186	-1	-0.046	4.147	0	0	0	0	0	0	0	0	0	0	0	0	0	0	0	0	0	0	0	0	0	0	0	0	0	0	0	0	0	0	0	0	0	0	0	0	0	0	0	0	0	0	0	0	0	0	0	0	0	0	
15/03/2022 22:39:50	0	0	8	14.99	14.96	0	8179	23	4.049	4.0497	0	0	False	-9.463333	-9.923333	-10.00833	10	0	0.0257	4.094	4.094	-1	-0.046	4.049	0	0	0	0	0	0	0	0	0	0	0	0	0	0	0	0	0	0	0	0	0	0	0	0	0	0	0	0	0	0	0	0	0	0	0	0	0	0	0	0	0	0	0	0	0	0	0	0	0	0	
15/03/2022 22:40:00	0	0	8	14.99	14.96	0	8179	33	4.018	4.0185	0	0	False	-9.708333	-10.00333	-10.00833	10	0	0.0535	4.06	4.071	-1	-0.046	4.018	0	0	0	0	0	0	0	0	0	0	0	0	0	0	0	0	0	0	0	0	0	0	0	0	0	0	0	0	0	0	0	0	0	0	0	0	0	0	0	0	0	0	0	0	0	0	0	0	0	0	
15/03/2022 22:40:10	0	0	8	14.99	14.96	0	8179	43	4.003	4.0035	0	0	False	-9.84	-10	-10.00833	10	0	0.0812	4.048	4.048	-1	-0.046	4.003	0	0	0	0	0	0	0	0	0	0	0	0	0	0	0	0	0	0	0	0	0	0	0	0	0	0	0	0	0	0	0	0	0	0	0	0	0	0	0	0	0	0	0	0	0	0	0	0	0	0	
15/03/2022 22:40:20	0	0	8	14.99	14.95	0	8175	53	3.993	3.9935	0	0	False	-9.908334	-10.00333	-9.996667	10	0	0.109	4.037	4.037	-1	-0.046	3.993	0	0	0	0	0	0	0	0	0	0	0	0	0	0	0	0	0	0	0	0	0	0	0	0	0	0	0	0	0	0	0	0	0	0	0	0	0	0	0	0	0	0	0	0	0	0	0	0	0	0	
15/03/2022 22:40:30	0	0	8	14.98	14.95	0	8191	63	3.988	3.9883	0	0	False	-9.943334	-9.965	-9.966666	10	0	0.1367	4.025	4.037	-1	-0.034	3.988	0	0	0	0	0	0	0	0	0	0	0	0	0	0	0	0	0	0	0	0	0	0	0	0	0	0	0	0	0	0	0	0	0	0	0	0	0	0	0	0	0	0	0	0	0	0	0	0	0	0	
15/03/2022 22:40:40	0	0	8	14.99	14.95	0	8191	73	3.983	3.9835	0	0	False	-9.958333	-9.965	-9.935	10	0	0.1644	4.025	4.03	-1	-0.046	3.983	0	0	0	0	0	0	0	0	0	0	0	0	0	0	0	0	0	0	0	0	0	0	0	0	0	0	0	0	0	0	0	0	0	0	0	0	0	0	0	0	0	0	0	0	0	0	0	0	0	0	
15/03/2022 22:40:50	0	0	8	14.99	14.96	0	8191	83	3.979	3.9797	0	0	False	-9.958333	-9.955	-9.955	10	0	0.1921	4.014	4.025	-1	-0.046	3.979	0	0	0	0	0	0	0	0	0	0	0	0	0	0	0	0	0	0	0	0	0	0	0	0	0	0	0	0	0	0	0	0	0	0	0	0	0	0	0	0	0	0	0	0	0	0	0	0	0	0	
15/03/2022 22:41:00	0	0	8	14.99	14.95	0	8191	93	3.977	3.9772	0	0	False	-9.958333	-9.958333	-9.955	10	0	0.2197	4.014	4.023	-1	-0.034	3.977	0	0	0	0	0	0	0	0	0	0	0	0	0	0	0	0	0	0	0	0	0	0	0	0	0	0	0	0	0	0	0	0	0	0	0	0	0	0	0	0	0	0	0	0	0	0	0	0	0	0	
15/03/2022 22:41:10	0	0	8	14.99	14.95	0	8191	103	3.974	3.9747	0	0	False	-9.956667	-9.955	-9.966666	10	0	0.2474	4.014	4.019	-1	-0.046	3.974	0	0	0	0	0	0	0	0	0	0	0	0	0	0	0	0	0	0	0	0	0	0	0	0	0	0	0	0	0	0	0	0	0	0	0	0	0	0	0	0	0	0	0	0	0	0	0	0	0	0	
15/03/2022 22:41:20	0	0	8	14.98	14.95	0	8191	113	3.972	3.9722	0	0	False	-9.956667	-9.958333	-9.978333	10	0	0.2751	4.014	4.014	-1	-0.046	3.972	0	0	0	0	0	0	0	0	0	0	0	0	0	0	0	0	0	0	0	0	0	0	0	0	0	0	0	0	0	0	0	0	0	0	0	0	0	0	0	0	0	0	0	0	0	0	0	0	0	0	
15/03/2022 22:41:30	0	0	8	14.99	14.95	0	8191	123	3.969	3.9697	0	0	False	-9.955	-9.961667	-9.945	10	0	0.3027	4.002	4.014	-1	-0.034	3.969	0	0	0	0	0	0	0	0	0	0	0	0	0	0	0	0	0	0	0	0	0	0	0	0	0	0	0	0	0	0	0	0	0	0	0	0	0	0	0	0	0	0	0	0	0	0	0	0	0	0	
15/03/2022 22:41:40	0	0	8	14.99	14.95	0	8191	133	3.967	3.9682	0	0	False	-9.955	-9.956667	-9.911667	10	0	0.3304	4.002	4.014	-1	-0.034	3.967	0	0	0	0	0	0	0	0	0	0	0	0	0	0	0	0	0	0	0	0	0	0	0	0	0	0	0	0	0	0	0	0	0	0	0	0	0	0	0	0	0	0	0	0	0	0	0	0	0	0	
15/03/2022 22:41:50	0	0	8	14.99	14.95	0	8191	143	3.965	3.966	0	0	False	-9.955	-9.963333	-9.966666	10	0	0.358	4.002	4.014	-1	-0.034	3.965	0	0	0	0	0	0	0	0	0	0	0	0	0	0	0	0	0	0	0	0	0	0	0	0	0	0	0	0	0	0	0	0	0	0	0	0	0	0	0	0	0	0	0	0	0	0	0	0	0	0	
15/03/2022 22:42:00	0	0	8	14.99	14.95	0	8191	153	3.963	3.9635	0	0	False	-9.955	-9.955	-9.955	10	0	0.3856	3.991	4.002	-1	-0.046	3.963	0	0	0	0	0	0	0	0	0	0	0	0	0	0	0	0	0	0	0	0	0	0	0	0	0	0	0	0	0	0	0	0	0	0	0	0	0	0	0	0	0	0	0	0	0	0	0	0	0	0	
15/03/2022 22:42:10	0	0	8	14.99	14.95	0	8187	163	3.96	3.9608	0	0	False	-9.955	-9.958333	-9.965	10	0	0.4133	3.991	4.002	-1	-0.046	3.96	0	0	0	0	0	0	0	0	0	0	0	0	0	0	0	0	0	0	0	0	0	0	0	0	0	0	0	0	0	0	0	0	0	0	0	0	0	0	0	0	0	0	0	0	0	0	0	0	0	0	
15/03/2022 22:42:20	0	0	8	14.99	14.95	0	8191	173	3.958	3.9585	0	0	False	-9.955	-9.955	-9.955	10	0	0.441	3.991	4.002	-1	-0.034	3.958	0	0	0	0	0	0	0	0	0	0	0	0	0	0	0	0	0	0	0	0	0	0	0	0	0	0	0	0	0	0	0	0	0	0	0	0	0	0	0	0	0	0	0	0	0	0	0	0	0	0	
15/03/2022 22:42:30	0	0	8	14.99	14.95	0	8191	182	3.955	3.956	0	0	False	-9.953333	-9.951667	-9.935	10	0	0.4658	3.991	4.002	-1	-0.034	3.955	0	0	0	0	0	0	0	0	0	0	0	0	0	0	0	0	0	0	0	0	0	0	0	0	0	0	0	0	0	0	0	0	0	0	0	0	0	0	0	0	0	0	0	0	0	0	0	0	0	0	
15/03/2022 22:42:40	0	0	8	14.99	14.95	0	8191	192	3.953	3.9535	0	0	False	-9.953333	-9.955	-9.966666	10	0	0.4935	3.991	3.999	-1	-0.046	3.953	0	0	0	0	0	0	0	0	0	0	0	0	0	0	0	0	0	0	0	0	0	0	0	0	0	0	0	0	0	0	0	0	0	0	0	0	0	0	0	0	0	0	0	0	0	0	0	0	0	0	
15/03/2022 22:42:50	0	0	8	14.99	14.95	0	8191	202	3.95	3.9504	0	0	False	-9.956667	-9.955	-9.955	10	0	0.5211	3.991	3.991	-1	-0.034	3.95	0	0	0	0	0	0	0	0	0	0	0	0	0	0	0	0	0	0	0	0	0	0	0	0	0	0	0	0	0	0	0	0	0	0	0	0	0	0	0	0	0	0	0	0	0	0	0	0	0	0	
15/03/2022 22:43:00	0	0	8	14.98	14.95	0	8191	212	3.947	3.9472	0	0	False	-9.953333	-9.956667	-9.966666	10	0	0.5488	3.979	3.991	-1	-0.034	3.947	0	0	0	0	0	0	0	0	0	0	0	0	0	0	0	0	0	0	0	0	0	0	0	0	0	0	0	0	0	0	0	0	0	0	0	0	0	0	0	0	0	0	0	0	0	0	0	0	0	0	
15/03/2022 22:43:10	0	0	8	14.99	14.95	0	8191	222	3.942	3.9432	0	0	False	-9.95	-9.953333	-9.911667	10	0	0.5764	3.979	3.99	-1	-0.034	3.942	0	0	0	0	0	0	0	0	0	0	0	0	0	0	0	0	0	0	0	0	0	0	0	0	0	0	0	0	0	0	0	0	0	0	0	0	0	0	0	0	0	0	0	0	0	0	0	0	0	0	
15/03/2022 22:43:20	0	0	8	14.98	14.95	0	8191	232	3.939	3.9394	0	0	False	-9.955	-9.96	-9.988334	10	0	0.604	3.968	3.979	-1	-0.034	3.939	0	0	0	0	0	0	0	0	0	0	0	0	0	0	0	0	0	0	0	0	0	0	0	0	0	0	0	0	0	0	0	0	0	0	0	0	0	0	0	0	0	0	0	0	0	0	0	0	0	0	
15/03/2022 22:43:30	0	0	8	14.99	14.95	0	8191	242	3.934	3.9351	0	0	False	-9.951667	-9.948334	-9.923333	10	0	0.6316	3.968	3.979	-1	-0.034	3.934	0	0	0	0	0	0	0	0	0	0	0	0	0	0	0	0	0	0	0	0	0	0	0	0	0	0	0	0	0	0	0	0	0	0	0	0	0	0	0	0	0	0	0	0	0	0	0	0	0	0	
15/03/2022 22:43:40	0	0	8	14.99	14.95	0	8191	252	3.93	3.9309	0	0	False	-9.955	-9.951667	-9.935	10	0	0.6593	3.968	3.968	-1	-0.046	3.93	0	0	0	0	0	0	0	0	0	0	0	0	0	0	0	0	0	0	0	0	0	0	0	0	0	0	0	0	0	0	0	0	0	0	0	0	0	0	0	0	0	0	0	0	0	0	0	0	0	0	
15/03/2022 22:43:50	0	0	8	14.99	14.95	0	8191	262	3.925	3.9256	0	0	False	-9.953333	-9.955	-9.955	10	0	0.6869	3.956	3.968	-1	-0.046	3.925	0	0	0	0	0	0	0	0	0	0	0	0	0	0	0	0	0	0	0	0	0	0	0	0	0	0	0	0	0	0	0	0	0	0	0	0	0	0	0	0	0	0	0	0	0	0	0	0	0	0	
15/03/2022 22:44:00	0	0	8	14.99	14.95	0	8191	272	3.919	3.9197	0	0	False	-9.96	-9.961667	-9.945	10	0	0.7146	3.956	3.964	-1	-0.034	3.919	0	0	0	0	0	0	0	0	0	0	0	0	0	0	0	0	0	0	0	0	0	0	0	0	0	0	0	0	0	0	0	0	0	0	0	0	0	0	0	0	0	0	0	0	0	0	0	0	0	0	
15/03/2022 22:44:10	0	0	8	14.99	14.95	0	8191	282	3.913	3.9141	0	0	False	-9.953333	-9.955	-9.966666	10	0	0.7422	3.945	3.956	-1	-0.034	3.913	0	0	0	0	0	0	0	0	0	0	0	0	0	0	0	0	0	0	0	0	0	0	0	0	0	0	0	0	0	0	0	0	0	0	0	0	0	0	0	0	0	0	0	0	0	0	0	0	0	0	
15/03/2022 22:44:20	0	0	8	14.98	14.95	0	8191	292	3.907	3.9072	0	0	False	-9.953333	-9.953333	-9.935	10	0	0.7698	3.945	3.945	-1	-0.034	3.907	0	0	0	0	0	0	0	0	0	0	0	0	0	0	0	0	0	0	0	0	0	0	0	0	0	0	0	0	0	0	0	0	0	0	0	0	0	0	0	0	0	0	0	0	0	0	0	0	0	0	
15/03/2022 22:44:30	0	0	8	14.99	14.95	0	8191	302	3.9	3.901	0	0	False	-9.955	-9.955	-9.955	10	0	0.7974	3.933	3.944	-1	-0.034	3.9	0	0	0	0	0	0	0	0	0	0	0	0	0	0	0	0	0	0	0	0	0	0	0	0	0	0	0	0	0	0	0	0	0	0	0	0	0	0	0	0	0	0	0	0	0	0	0	0	0	0	
15/03/2022 22:44:40	0	0	8	14.99	14.95	0	8191	311	3.894	3.8944	0	0	False	-9.955	-9.956667	-9.955	10	0	0.8223	3.922	3.933	-1	-0.034	3.894	0	0	0	0	0	0	0	0	0	0	0	0	0	0	0	0	0	0	0	0	0	0	0	0	0	0	0	0	0	0	0	0	0	0	0	0	0	0	0	0	0	0	0	0	0	0	0	0	0	0	
15/03/2022 22:44:50	0	0	8	14.99	14.95	0	8191	322	3.885	3.8859	0	0	False	-9.956667	-9.945	-9.933333	10	0	0.8527	3.922	3.926	-1	-0.023	3.885	0	0	0	0	0	0	0	0	0	0	0	0	0	0	0	0	0	0	0	0	0	0	0	0	0	0	0	0	0	0	0	0	0	0	0	0	0	0	0	0	0	0	0	0	0	0	0	0	0	0	
15/03/2022 22:45:00	0	0	8	14.99	14.95	0	8191	332	3.878	3.8784	0	0	False	-9.955	-9.963333	-9.955	10	0	0.8804	3.91	3.922	-1	-0.034	3.878	0	0	0	0	0	0	0	0	0	0	0	0	0	0	0	0	0	0	0	0	0	0	0	0	0	0	0	0	0	0	0	0	0	0	0	0	0	0	0	0	0	0	0	0	0	0	0	0	0	0	
15/03/2022 22:45:10	0	0	8	14.99	14.95	0	8191	342	3.87	3.8707	0	0	False	-9.955	-9.955	-9.955	10	0	0.908	3.899	3.91	-1	-0.034	3.87	0	0	0	0	0	0	0	0	0	0	0	0	0	0	0	0	0	0	0	0	0	0	0	0	0	0	0	0	0	0	0	0	0	0	0	0	0	0	0	0	0	0	0	0	0	0	0	0	0	0	
15/03/2022 22:45:20	0	0	8	14.98	14.95	0	8191	351	3.862	3.863	0	0	False	-9.955	-9.955	-9.966666	10	0	0.9328	3.888	3.907	-1	-0.034	3.862	0	0	0	0	0	0	0	0	0	0	0	0	0	0	0	0	0	0	0	0	0	0	0	0	0	0	0	0	0	0	0	0	0	0	0	0	0	0	0	0	0	0	0	0	0	0	0	0	0	0	
15/03/2022 22:45:30	0	0	8	14.98	14.95	0	8191	361	3.855	3.8558	0	0	False	-9.955	-9.956667	-9.945	10	0	0.9605	3.888	3.899	-1	-0.034	3.855	0	0	0	0	0	0	0	0	0	0	0	0	0	0	0	0	0	0	0	0	0	0	0	0	0	0	0	0	0	0	0	0	0	0	0	0	0	0	0	0	0	0	0	0	0	0	0	0	0	0	
15/03/2022 22:45:40	0	0	8	14.99	14.95	0	8191	371	3.847	3.8479	0	0	False	-9.956667	-9.956667	-9.935	10	0	0.9882	3.876	3.888	-1	-0.034	3.847	0	0	0	0	0	0	0	0	0	0	0	0	0	0	0	0	0	0	0	0	0	0	0	0	0	0	0	0	0	0	0	0	0	0	0	0	0	0	0	0	0	0	0	0	0	0	0	0	0	0	
15/03/2022 22:45:50	0	0	8	14.98	14.95	0	8191	381	3.84	3.8409	0	0	False	-9.955	-9.955	-9.955	10	0	1.0158	3.865	3.879	-1	-0.034	3.84	0	0	0	0	0	0	0	0	0	0	0	0	0	0	0	0	0	0	0	0	0	0	0	0	0	0	0	0	0	0	0	0	0	0	0	0	0	0	0	0	0	0	0	0	0	0	0	0	0	0	
15/03/2022 22:46:00	0	0	8	14.99	14.95	0	8191	391	3.834	3.8345	0	0	False	-9.951667	-9.946667	-9.923333	10	0	1.0434	3.865	3.876	-1	-0.034	3.834	0	0	0	0	0	0	0	0	0	0	0	0	0	0	0	0	0	0	0	0	0	0	0	0	0	0	0	0	0	0	0	0	0	0	0	0	0	0	0	0	0	0	0	0	0	0	0	0	0	0	
15/03/2022 22:46:10	0	0	8	14.99	14.95	0	8191	401	3.828	3.8282	0	0	False	-9.956667	-9.955	-9.966666	10	0	1.0711	3.865	3.865	-1	-0.023	3.828	0	0	0	0	0	0	0	0	0	0	0	0	0	0	0	0	0	0	0	0	0	0	0	0	0	0	0	0	0	0	0	0	0	0	0	0	0	0	0	0	0	0	0	0	0	0	0	0	0	0	
15/03/2022 22:46:20	0	0	8	14.98	14.95	0	8191	411	3.821	3.8219	0	0	False	-9.955	-9.966666	-9.965	10	0	1.0987	3.853	3.863	-1	-0.034	3.821	0	0	0	0	0	0	0	0	0	0	0	0	0	0	0	0	0	0	0	0	0	0	0	0	0	0	0	0	0	0	0	0	0	0	0	0	0	0	0	0	0	0	0	0	0	0	0	0	0	0	
15/03/2022 22:46:30	0	0	8	14.98	14.95	0	8191	421	3.815	3.8159	0	0	False	-9.955	-9.955	-9.955	10	0	1.1264	3.842	3.852	-1	-0.034	3.815	0	0	0	0	0	0	0	0	0	0	0	0	0	0	0	0	0	0	0	0	0	0	0	0	0	0	0	0	0	0	0	0	0	0	0	0	0	0	0	0	0	0	0	0	0	0	0	0	0	0	
15/03/2022 22:46:40	0	0	8	14.99	14.95	0	8191	431	3.809	3.8093	0	0	False	-9.95	-9.965	-9.965	10	0	1.154	3.842	3.851	-1	-0.034	3.809	0	0	0	0	0	0	0	0	0	0	0	0	0	0	0	0	0	0	0	0	0	0	0	0	0	0	0	0	0	0	0	0	0	0	0	0	0	0	0	0	0	0	0	0	0	0	0	0	0	0	
15/03/2022 22:46:50	0	0	8	14.99	14.95	0	8191	441	3.803	3.8033	0	0	False	-9.956667	-9.966666	-9.976666	10	0	1.1816	3.83	3.842	-1	-0.046	3.803	0	0	0	0	0	0	0	0	0	0	0	0	0	0	0	0	0	0	0	0	0	0	0	0	0	0	0	0	0	0	0	0	0	0	0	0	0	0	0	0	0	0	0	0	0	0	0	0	0	0	
15/03/2022 22:47:00	0	0	8	14.99	14.95	0	8191	450	3.798	3.7983	0	0	False	-9.96	-9.96	-9.955	10	0	1.2065	3.83	3.842	-1	-0.034	3.798	0	0	0	0	0	0	0	0	0	0	0	0	0	0	0	0	0	0	0	0	0	0	0	0	0	0	0	0	0	0	0	0	0	0	0	0	0	0	0	0	0	0	0	0	0	0	0	0	0	0	
15/03/2022 22:47:10	0	0	8	14.98	14.95	0	8191	461	3.791	3.7921	0	0	False	-9.96	-9.96	-9.966666	10	0	1.2369	3.83	3.83	-1	-0.034	3.791	0	0	0	0	0	0	0	0	0	0	0	0	0	0	0	0	0	0	0	0	0	0	0	0	0	0	0	0	0	0	0	0	0	0	0	0	0	0	0	0	0	0	0	0	0	0	0	0	0	0	
15/03/2022 22:47:20	0	0	8	14.98	14.95	0	8191	471	3.786	3.7871	0	0	False	-9.956667	-9.963333	-9.966666	10	0	1.2645	3.819	3.829	-1	-0.034	3.786	0	0	0	0	0	0	0	0	0	0	0	0	0	0	0	0	0	0	0	0	0	0	0	0	0	0	0	0	0	0	0	0	0	0	0	0	0	0	0	0	0	0	0	0	0	0	0	0	0	0	
15/03/2022 22:47:30	0	0	8	14.99	14.95	0	8191	481	3.781	3.7814	0	0	False	-9.955	-9.953333	-9.935	10	0	1.2922	3.819	3.819	-1	-0.023	3.781	0	0	0	0	0	0	0	0	0	0	0	0	0	0	0	0	0	0	0	0	0	0	0	0	0	0	0	0	0	0	0	0	0	0	0	0	0	0	0	0	0	0	0	0	0	0	0	0	0	0	
15/03/2022 22:47:40	0	0	8	14.98	14.95	0	8191	491	3.775	3.7759	0	0	False	-9.96	-9.965	-9.955	10	0	1.3199	3.807	3.817	-1	-0.034	3.775	0	0	0	0	0	0	0	0	0	0	0	0	0	0	0	0	0	0	0	0	0	0	0	0	0	0	0	0	0	0	0	0	0	0	0	0	0	0	0	0	0	0	0	0	0	0	0	0	0	0	
15/03/2022 22:47:50	0	0	8	14.99	14.95	0	8191	501	3.77	3.7708	0	0	False	-9.956667	-9.95	-9.935	10	0	1.3475	3.807	3.807	-1	-0.023	3.77	0	0	0	0	0	0	0	0	0	0	0	0	0	0	0	0	0	0	0	0	0	0	0	0	0	0	0	0	0	0	0	0	0	0	0	0	0	0	0	0	0	0	0	0	0	0	0	0	0	0	
15/03/2022 22:48:00	0	0	8	14.98	14.95	0	8191	510	3.764	3.765	0	0	False	-9.956667	-9.956667	-9.966666	10	0	1.3752	3.796	3.807	-1	-0.034	3.764	0	0	0	0	0	0	0	0	0	0	0	0	0	0	0	0	0	0	0	0	0	0	0	0	0	0	0	0	0	0	0	0	0	0	0	0	0	0	0	0	0	0	0	0	0	0	0	0	0	0	
15/03/2022 22:48:10	0	0	8	14.99	14.95	0	8191	520	3.759	3.7596	0	0	False	-9.955	-9.965	-9.965	10	0	1.4001	3.784	3.796	-1	-0.023	3.759	0	0	0	0	0	0	0	0	0	0	0	0	0	0	0	0	0	0	0	0	0	0	0	0	0	0	0	0	0	0	0	0	0	0	0	0	0	0	0	0	0	0	0	0	0	0	0	0	0	0	
15/03/2022 22:48:20	0	0	8	14.98	14.95	0	8191	530	3.753	3.7534	0	0	False	-9.953333	-9.955	-9.955	10	0	1.4277	3.784	3.794	-1	-0.034	3.753	0	0	0	0	0	0	0	0	0	0	0	0	0	0	0	0	0	0	0	0	0	0	0	0	0	0	0	0	0	0	0	0	0	0	0	0	0	0	0	0	0	0	0	0	0	0	0	0	0	0	
15/03/2022 22:48:30	0	0	8	14.99	14.95	0	8191	540	3.747	3.7476	0	0	False	-9.955	-9.955	-9.955	10	0	1.4554	3.773	3.784	-1	-0.034	3.747	0	0	0	0	0	0	0	0	0	0	0	0	0	0	0	0	0	0	0	0	0	0	0	0	0	0	0	0	0	0	0	0	0	0	0	0	0	0	0	0	0	0	0	0	0	0	0	0	0	0	
15/03/2022 22:48:40	0	0	8	14.99	14.95	0	8191	550	3.741	3.7415	0	0	False	-9.956667	-9.956667	-9.955	10	0	1.4831	3.773	3.781	-1	-0.034	3.741	0	0	0	0	0	0	0	0	0	0	0	0	0	0	0	0	0	0	0	0	0	0	0	0	0	0	0	0	0	0	0	0	0	0	0	0	0	0	0	0	0	0	0	0	0	0	0	0	0	0	
15/03/2022 22:48:50	0	0	8	14.98	14.95	0	8191	560	3.735	3.7357	0	0	False	-9.953333	-9.955	-9.935	10	0	1.5107	3.761	3.773	-1	-0.046	3.735	0	0	0	0	0	0	0	0	0	0	0	0	0	0	0	0	0	0	0	0	0	0	0	0	0	0	0	0	0	0	0	0	0	0	0	0	0	0	0	0	0	0	0	0	0	0	0	0	0	0	
15/03/2022 22:49:00	0	0	8	14.98	14.95	0	8191	570	3.728	3.7289	0	0	False	-9.956667	-9.953333	-9.955	10	0	1.5383	3.761	3.768	-1	-0.034	3.728	0	0	0	0	0	0	0	0	0	0	0	0	0	0	0	0	0	0	0	0	0	0	0	0	0	0	0	0	0	0	0	0	0	0	0	0	0	0	0	0	0	0	0	0	0	0	0	0	0	0	
15/03/2022 22:49:10	0	0	8	14.98	14.95	0	8191	580	3.722	3.7225	0	0	False	-9.96	-9.955	-9.955	10	0	1.566	3.75	3.761	-1	-0.034	3.722	0	0	0	0	0	0	0	0	0	0	0	0	0	0	0	0	0	0	0	0	0	0	0	0	0	0	0	0	0	0	0	0	0	0	0	0	0	0	0	0	0	0	0	0	0	0	0	0	0	0	
15/03/2022 22:49:20	0	0	8	14.98	14.95	0	8191	590	3.715	3.7159	0	0	False	-9.955	-9.965	-9.965	10	0	1.5936	3.738	3.75	-1	-0.023	3.715	0	0	0	0	0	0	0	0	0	0	0	0	0	0	0	0	0	0	0	0	0	0	0	0	0	0	0	0	0	0	0	0	0	0	0	0	0	0	0	0	0	0	0	0	0	0	0	0	0	0	
15/03/2022 22:49:30	0	0	8	14.98	14.95	0	8191	600	3.709	3.7094	0	0	False	-9.956667	-9.961667	-9.945	10	0	1.6213	3.738	3.75	-1	-0.034	3.709	0	0	0	0	0	0	0	0	0	0	0	0	0	0	0	0	0	0	0	0	0	0	0	0	0	0	0	0	0	0	0	0	0	0	0	0	0	0	0	0	0	0	0	0	0	0	0	0	0	0	
15/03/2022 22:49:40	0	0	8	14.99	14.95	0	8191	610	3.702	3.7025	0	0	False	-9.953333	-9.953333	-9.976666	10	0	1.6489	3.727	3.738	-1	-0.023	3.702	0	0	0	0	0	0	0	0	0	0	0	0	0	0	0	0	0	0	0	0	0	0	0	0	0	0	0	0	0	0	0	0	0	0	0	0	0	0	0	0	0	0	0	0	0	0	0	0	0	0	
15/03/2022 22:49:50	0	0	8	14.98	14.97	0	6995	620	3.7	3.7009	0	0	False	-8.741667	-8.655	-8.486667	10	0	1.674	3.738	3.738	-1	-0.034	3.7	0	0	0	0	0	0	0	0	0	0	0	0	0	0	0	0	0	0	0	0	0	0	0	0	0	0	0	0	0	0	0	0	0	0	0	0	0	0	0	0	0	0	0	0	0	0	0	0	0	0	
15/03/2022 22:50:00	0	0	8	14.99	14.98	0	6341	630	3.7	3.7011	0	0	False	-8.046667	-7.798333	-7.655	10	0	1.6964	3.738	3.738	-1	-0.034	3.7	0	0	0	0	0	0	0	0	0	0	0	0	0	0	0	0	0	0	0	0	0	0	0	0	0	0	0	0	0	0	0	0	0	0	0	0	0	0	0	0	0	0	0	0	0	0	0	0	0	0	
15/03/2022 22:50:10	0	0	8	14.99	14.98	0	5919	640	3.7	3.701	0	0	False	-7.306667	-7.216667	-7.125	10	0	1.717	3.738	3.738	-1	-0.034	3.7	0	0	0	0	0	0	0	0	0	0	0	0	0	0	0	0	0	0	0	0	0	0	0	0	0	0	0	0	0	0	0	0	0	0	0	0	0	0	0	0	0	0	0	0	0	0	0	0	0	0	
15/03/2022 22:50:20	0	0	8	14.99	14.98	0	5439	650	3.7	3.7009	0	0	False	-7.115	-6.681667	-6.658333	10	0	1.736	3.727	3.738	-1	-0.034	3.7	0	0	0	0	0	0	0	0	0	0	0	0	0	0	0	0	0	0	0	0	0	0	0	0	0	0	0	0	0	0	0	0	0	0	0	0	0	0	0	0	0	0	0	0	0	0	0	0	0	0	
15/03/2022 22:50:30	0	0	8	14.99	14.99	0	4959	660	3.7	3.7009	0	0	False	-6.45	-6.095	-5.94	10	0	1.7534	3.738	3.738	-1	-0.034	3.7	0	0	0	0	0	0	0	0	0	0	0	0	0	0	0	0	0	0	0	0	0	0	0	0	0	0	0	0	0	0	0	0	0	0	0	0	0	0	0	0	0	0	0	0	0	0	0	0	0	0	
15/03/2022 22:50:40	0	0	8	14.98	14.99	0	4711	670	3.701	3.7017	0	0	False	-5.753334	-5.675	-5.665	10	0	1.7695	3.738	3.738	-1	-0.023	3.701	0	0	0	0	0	0	0	0	0	0	0	0	0	0	0	0	0	0	0	0	0	0	0	0	0	0	0	0	0	0	0	0	0	0	0	0	0	0	0	0	0	0	0	0	0	0	0	0	0	0	
15/03/2022 22:50:50	0	0	8	14.98	14.99	0	4343	680	3.7	3.7009	0	0	False	-5.613333	-5.218333	-5.178333	10	0	1.7844	3.738	3.738	-1	-0.034	3.7	0	0	0	0	0	0	0	0	0	0	0	0	0	0	0	0	0	0	0	0	0	0	0	0	0	0	0	0	0	0	0	0	0	0	0	0	0	0	0	0	0	0	0	0	0	0	0	0	0	0	
15/03/2022 22:51:00	0	0	8	14.98	14.99	0	4037	689	3.7	3.7009	0	0	False	-5.385	-4.91	-4.833333	10	0	1.797	3.738	3.738	-1	-0.046	3.7	0	0	0	0	0	0	0	0	0	0	0	0	0	0	0	0	0	0	0	0	0	0	0	0	0	0	0	0	0	0	0	0	0	0	0	0	0	0	0	0	0	0	0	0	0	0	0	0	0	0	
15/03/2022 22:51:10	0	0	8	14.99	15	0	3615	699	3.7	3.7009	0	0	False	-4.693333	-4.535	-4.358333	10	0	1.8101	3.738	3.738	-1	-0.046	3.7	0	0	0	0	0	0	0	0	0	0	0	0	0	0	0	0	0	0	0	0	0	0	0	0	0	0	0	0	0	0	0	0	0	0	0	0	0	0	0	0	0	0	0	0	0	0	0	0	0	0	
15/03/2022 22:51:20	0	0	8	14.99	15	0	3483	709	3.7	3.7009	0	0	False	-4.555	-4.246666	-4.185	10	0	1.8222	3.738	3.738	-1	-0.034	3.7	0	0	0	0	0	0	0	0	0	0	0	0	0	0	0	0	0	0	0	0	0	0	0	0	0	0	0	0	0	0	0	0	0	0	0	0	0	0	0	0	0	0	0	0	0	0	0	0	0	0	
15/03/2022 22:51:30	0	0	8	14.99	15	0	3351	719	3.7	3.7011	0	0	False	-4.328333	-3.921667	-3.946667	10	0	1.8333	3.738	3.738	-1	-0.034	3.7	0	0	0	0	0	0	0	0	0	0	0	0	0	0	0	0	0	0	0	0	0	0	0	0	0	0	0	0	0	0	0	0	0	0	0	0	0	0	0	0	0	0	0	0	0	0	0	0	0	0	
15/03/2022 22:51:40	0	0	8	14.99	15	0	3219	729	3.701	3.7014	0	0	False	-3.676667	-3.725	-3.871667	10	0	1.8438	3.738	3.738	-1	-0.046	3.701	0	0	0	0	0	0	0	0	0	0	0	0	0	0	0	0	0	0	0	0	0	0	0	0	0	0	0	0	0	0	0	0	0	0	0	0	0	0	0	0	0	0	0	0	0	0	0	0	0	0	
15/03/2022 22:51:50	0	0	8	14.99	15	0	2971	739	3.7	3.7009	0	0	False	-3.638333	-3.493333	-3.535	10	0	1.8537	3.727	3.738	-1	-0.034	3.7	0	0	0	0	0	0	0	0	0	0	0	0	0	0	0	0	0	0	0	0	0	0	0	0	0	0	0	0	0	0	0	0	0	0	0	0	0	0	0	0	0	0	0	0	0	0	0	0	0	0	
15/03/2022 22:52:00	0	0	8	14.98	15.01	0	2603	749	3.701	3.7013	0	0	False	-3.49	-3.265	-3.071667	10	0	1.8628	3.738	3.738	-1	-0.023	3.701	0	0	0	0	0	0	0	0	0	0	0	0	0	0	0	0	0	0	0	0	0	0	0	0	0	0	0	0	0	0	0	0	0	0	0	0	0	0	0	0	0	0	0	0	0	0	0	0	0	0	
15/03/2022 22:52:10	0	0	8	14.99	15.01	0	2529	759	3.7	3.7009	0	0	False	-3.326667	-3.083333	-3.085	10	0	1.8715	3.727	3.738	-1	-0.034	3.7	0	0	0	0	0	0	0	0	0	0	0	0	0	0	0	0	0	0	0	0	0	0	0	0	0	0	0	0	0	0	0	0	0	0	0	0	0	0	0	0	0	0	0	0	0	0	0	0	0	0	
15/03/2022 22:52:20	0	0	8	14.99	15.01	0	2455	769	3.7	3.7009	0	0	False	-3.176667	-2.921667	-2.926667	10	0	1.8798	3.738	3.738	-1	-0.034	3.7	0	0	0	0	0	0	0	0	0	0	0	0	0	0	0	0	0	0	0	0	0	0	0	0	0	0	0	0	0	0	0	0	0	0	0	0	0	0	0	0	0	0	0	0	0	0	0	0	0	0	
15/03/2022 22:52:30	0	0	8	14.99	15.01	0	2319	779	3.701	3.7017	0	0	False	-2.998333	-2.685	-2.771667	10	0	1.8874	3.738	3.738	-1	-0.034	3.701	0	0	0	0	0	0	0	0	0	0	0	0	0	0	0	0	0	0	0	0	0	0	0	0	0	0	0	0	0	0	0	0	0	0	0	0	0	0	0	0	0	0	0	0	0	0	0	0	0	0	
15/03/2022 22:52:40	0	0	8	14.99	15.01	0	2071	789	3.7	3.7011	0	0	False	-2.846667	-2.603333	-2.47	10	0	1.8948	3.738	3.738	-1	-0.023	3.7	0	0	0	0	0	0	0	0	0	0	0	0	0	0	0	0	0	0	0	0	0	0	0	0	0	0	0	0	0	0	0	0	0	0	0	0	0	0	0	0	0	0	0	0	0	0	0	0	0	0	
15/03/2022 22:52:50	0	0	8	14.99	15.01	0	1939	799	3.701	3.7014	0	0	False	-2.671667	-2.308333	-2.285	10	0	1.9015	3.738	3.738	-1	-0.034	3.701	0	0	0	0	0	0	0	0	0	0	0	0	0	0	0	0	0	0	0	0	0	0	0	0	0	0	0	0	0	0	0	0	0	0	0	0	0	0	0	0	0	0	0	0	0	0	0	0	0	0	
15/03/2022 22:53:00	0	0	8	14.99	15.01	0	1923	809	3.7	3.7009	0	0	False	-2.523333	-2.336667	-2.336667	10	0	1.9081	3.727	3.738	-1	-0.034	3.7	0	0	0	0	0	0	0	0	0	0	0	0	0	0	0	0	0	0	0	0	0	0	0	0	0	0	0	0	0	0	0	0	0	0	0	0	0	0	0	0	0	0	0	0	0	0	0	0	0	0	
15/03/2022 22:53:10	0	0	8	14.98	15.01	0	1733	819	3.7	3.7009	0	0	False	-2.383333	-2.165	-2.068333	10	0	1.9141	3.727	3.738	-1	-0.046	3.7	0	0	0	0	0	0	0	0	0	0	0	0	0	0	0	0	0	0	0	0	0	0	0	0	0	0	0	0	0	0	0	0	0	0	0	0	0	0	0	0	0	0	0	0	0	0	0	0	0	0	
15/03/2022 22:53:20	0	0	8	14.99	15.02	0	1775	829	3.701	3.7013	0	0	False	-2.231667	-1.995	-2.065	10	0	1.9198	3.738	3.738	-1	-0.023	3.701	0	0	0	0	0	0	0	0	0	0	0	0	0	0	0	0	0	0	0	0	0	0	0	0	0	0	0	0	0	0	0	0	0	0	0	0	0	0	0	0	0	0	0	0	0	0	0	0	0	0	
15/03/2022 22:53:30	0	0	8	14.99	15.02	0	1701	839	3.7	3.7009	0	0	False	-2.116667	-1.96	-1.983333	10	0	1.9253	3.738	3.738	-1	-0.046	3.7	0	0	0	0	0	0	0	0	0	0	0	0	0	0	0	0	0	0	0	0	0	0	0	0	0	0	0	0	0	0	0	0	0	0	0	0	0	0	0	0	0	0	0	0	0	0	0	0	0	0	
15/03/2022 22:53:40	0	0	8	14.98	15.02	0	1453	849	3.7	3.7009	0	0	False	-1.996667	-1.775	-1.76	10	0	1.9303	3.738	3.738	-1	-0.034	3.7	0	0	0	0	0	0	0	0	0	0	0	0	0	0	0	0	0	0	0	0	0	0	0	0	0	0	0	0	0	0	0	0	0	0	0	0	0	0	0	0	0	0	0	0	0	0	0	0	0	0	
15/03/2022 22:53:50	0	0	8	14.98	15.02	0	1433	858	3.7	3.7009	0	0	False	-1.896667	-1.755	-1.825	10	0	1.9348	3.738	3.738	-1	-0.034	3.7	0	0	0	0	0	0	0	0	0	0	0	0	0	0	0	0	0	0	0	0	0	0	0	0	0	0	0	0	0	0	0	0	0	0	0	0	0	0	0	0	0	0	0	0	0	0	0	0	0	0	
15/03/2022 22:54:00	0	0	8	14.98	15.02	0	1475	868	3.701	3.7018	0	0	False	-1.786667	-1.586667	-1.698333	10	0	1.9393	3.727	3.738	-1	-0.023	3.701	0	0	0	0	0	0	0	0	0	0	0	0	0	0	0	0	0	0	0	0	0	0	0	0	0	0	0	0	0	0	0	0	0	0	0	0	0	0	0	0	0	0	0	0	0	0	0	0	0	0	
15/03/2022 22:54:10	0	0	8	14.98	15.02	0	1401	878	3.7	3.701	0	0	False	-1.696667	-1.573333	-1.621667	10	0	1.9437	3.727	3.738	-1	-0.023	3.7	0	0	0	0	0	0	0	0	0	0	0	0	0	0	0	0	0	0	0	0	0	0	0	0	0	0	0	0	0	0	0	0	0	0	0	0	0	0	0	0	0	0	0	0	0	0	0	0	0	0	
15/03/2022 22:54:20	0	0	8	14.98	15.02	0	1211	888	3.7	3.7009	0	0	False	-1.611667	-1.445	-1.425	10	0	1.9478	3.727	3.738	-1	-0.023	3.7	0	0	0	0	0	0	0	0	0	0	0	0	0	0	0	0	0	0	0	0	0	0	0	0	0	0	0	0	0	0	0	0	0	0	0	0	0	0	0	0	0	0	0	0	0	0	0	0	0	0	
15/03/2022 22:54:30	0	0	8	14.99	15.02	0	1195	898	3.7	3.7009	0	0	False	-1.523333	-1.358333	-1.363333	10	0	1.9518	3.727	3.738	-1	-0.034	3.7	0	0	0	0	0	0	0	0	0	0	0	0	0	0	0	0	0	0	0	0	0	0	0	0	0	0	0	0	0	0	0	0	0	0	0	0	0	0	0	0	0	0	0	0	0	0	0	0	0	0	
15/03/2022 22:54:40	0	0	8	14.99	15.02	0	1063	908	3.7	3.7011	0	0	False	-1.451667	-1.243333	-1.188333	10	0	1.9555	3.727	3.738	-1	-0.023	3.7	0	0	0	0	0	0	0	0	0	0	0	0	0	0	0	0	0	0	0	0	0	0	0	0	0	0	0	0	0	0	0	0	0	0	0	0	0	0	0	0	0	0	0	0	0	0	0	0	0	0	
15/03/2022 22:54:50	0	0	8	14.99	15.02	0	1163	918	3.7	3.7009	0	0	False	-1.373333	-1.311667	-1.336667	10	0	1.9591	3.738	3.738	-1	-0.046	3.7	0	0	0	0	0	0	0	0	0	0	0	0	0	0	0	0	0	0	0	0	0	0	0	0	0	0	0	0	0	0	0	0	0	0	0	0	0	0	0	0	0	0	0	0	0	0	0	0	0	0	
15/03/2022 22:55:00	0	0	8	14.98	15.02	0	973	928	3.701	3.7015	0	0	False	-1.291667	-1.23	-1.075	10	0	1.9623	3.738	3.738	-1	-0.023	3.701	0	0	0	0	0	0	0	0	0	0	0	0	0	0	0	0	0	0	0	0	0	0	0	0	0	0	0	0	0	0	0	0	0	0	0	0	0	0	0	0	0	0	0	0	0	0	0	0	0	0	
15/03/2022 22:55:10	0	0	8	14.98	15.02	0	957	938	3.701	3.7022	0	0	False	-1.233333	-1.015	-1.035	10	0	1.9655	3.727	3.738	-1	-0.023	3.701	0	0	0	0	0	0	0	0	0	0	0	0	0	0	0	0	0	0	0	0	0	0	0	0	0	0	0	0	0	0	0	0	0	0	0	0	0	0	0	0	0	0	0	0	0	0	0	0	0	0	
15/03/2022 22:55:20	0	0	8	14.99	15.02	0	1057	948	3.701	3.7016	0	0	False	-1.19	-1.166667	-1.178333	10	0	1.9687	3.738	3.738	-1	-0.034	3.701	0	0	0	0	0	0	0	0	0	0	0	0	0	0	0	0	0	0	0	0	0	0	0	0	0	0	0	0	0	0	0	0	0	0	0	0	0	0	0	0	0	0	0	0	0	0	0	0	0	0	
15/03/2022 22:55:30	0	0	8	14.98	15.02	0	925	958	3.701	3.7013	0	0	False	-1.131667	-1.113333	-1.035	10	0	1.9716	3.738	3.738	-1	-0.023	3.701	0	0	0	0	0	0	0	0	0	0	0	0	0	0	0	0	0	0	0	0	0	0	0	0	0	0	0	0	0	0	0	0	0	0	0	0	0	0	0	0	0	0	0	0	0	0	0	0	0	0	
15/03/2022 22:55:40	0	0	8	14.99	15.02	0	967	968	3.7	3.701	0	0	False	-1.08	-1.048333	-1.091667	10	0	1.9744	3.727	3.738	-1	-0.046	3.7	0	0	0	0	0	0	0	0	0	0	0	0	0	0	0	0	0	0	0	0	0	0	0	0	0	0	0	0	0	0	0	0	0	0	0	0	0	0	0	0	0	0	0	0	0	0	0	0	0	0	
15/03/2022 22:55:50	0	0	8	14.98	15.02	0	951	978	3.701	3.7018	0	0	False	-1.021667	-1.065	-1.096667	10	0	1.977	3.738	3.738	-1	-0.034	3.701	0	0	0	0	0	0	0	0	0	0	0	0	0	0	0	0	0	0	0	0	0	0	0	0	0	0	0	0	0	0	0	0	0	0	0	0	0	0	0	0	0	0	0	0	0	0	0	0	0	0	
15/03/2022 22:56:00	0	0	8	14.98	15.02	0	761	988	3.7	3.7009	0	0	False	-0.995	-0.915	-0.855	10	0	1.9796	3.727	3.738	-1	-0.023	3.7	0	0	0	0	0	0	0	0	0	0	0	0	0	0	0	0	0	0	0	0	0	0	0	0	0	0	0	0	0	0	0	0	0	0	0	0	0	0	0	0	0	0	0	0	0	0	0	0	0	0	
15/03/2022 22:56:10	0	0	8	14.98	15.02	0	745	998	3.7	3.7009	0	0	False	-0.9566666	-0.8533334	-0.7733333	10	0	1.9821	3.727	3.738	-1	-0.023	3.7	0	0	0	0	0	0	0	0	0	0	0	0	0	0	0	0	0	0	0	0	0	0	0	0	0	0	0	0	0	0	0	0	0	0	0	0	0	0	0	0	0	0	0	0	0	0	0	0	0	0	
15/03/2022 22:56:20	0	0	8	14.99	15.02	0	845	1008	3.701	3.7017	0	0	False	-0.8966666	-0.8666667	-0.9216667	10	0	1.9844	3.738	3.738	-1	-0.034	3.701	0	0	0	0	0	0	0	0	0	0	0	0	0	0	0	0	0	0	0	0	0	0	0	0	0	0	0	0	0	0	0	0	0	0	0	0	0	0	0	0	0	0	0	0	0	0	0	0	0	0	
15/03/2022 22:56:30	0	0	8	14.98	15.02	0	713	1018	3.701	3.7015	0	0	False	-0.8583333	-0.85	-0.7666667	10	0	1.9866	3.727	3.738	-1	-0.023	3.701	0	0	0	0	0	0	0	0	0	0	0	0	0	0	0	0	0	0	0	0	0	0	0	0	0	0	0	0	0	0	0	0	0	0	0	0	0	0	0	0	0	0	0	0	0	0	0	0	0	0	
15/03/2022 22:56:40	0	0	8	14.98	15.02	0	581	1028	3.7	3.7009	0	0	False	-0.8266667	-0.7833334	-0.6483333	10	0	1.9887	3.727	3.738	-1	-0.034	3.7	0	0	0	0	0	0	0	0	0	0	0	0	0	0	0	0	0	0	0	0	0	0	0	0	0	0	0	0	0	0	0	0	0	0	0	0	0	0	0	0	0	0	0	0	0	0	0	0	0	0	
15/03/2022 22:56:50	0	0	8	14.98	15.02	0	739	1038	3.701	3.7015	0	0	False	-0.8	-0.8133333	-0.8283333	10	0	1.9908	3.738	3.738	-1	-0.034	3.701	0	0	0	0	0	0	0	0	0	0	0	0	0	0	0	0	0	0	0	0	0	0	0	0	0	0	0	0	0	0	0	0	0	0	0	0	0	0	0	0	0	0	0	0	0	0	0	0	0	0	
