DateTime	SlaveNum	Cycle	Mode	SupplyVolts	LSupplyVolts	SupplyAmps	PWM	SecTimer	AvgCellVolts	MaxCellVolts	AvgIR	FallBackVolts	CVStarted	SlowAmps	AvgAmps	FastAmps	SetAmps	AhrIN	AhrOUT	PackVolts	AvgPackVolts	Fuel1	SumError	Cell1Volts	Cell2Volts	Cell3Volts	Cell4Volts	Cell5Volts	Cell6Volts	Cell7Volts	Cell8Volts	Cell9Volts	Cell10Volts	Cell11Volts	Cell12Volts	Cell13Volts	Cell14Volts	Cell15Volts	Cell16Volts	Cell1IR	Cell2IR	Cell3IR	Cell4IR	Cell5IR	Cell6IR	Cell7IR	Cell8IR	Cell9IR	Cell10IR	Cell11IR	Cell12IR	Cell13IR	Cell14IR	Cell15IR	Cell16IR	BP1PWM	BP2PWM	BP3PWM	BP4PWM	BP5PWM	BP6PWM	BP7PWM	BP8PWM	BP9PWM	BP10PWM	BP11PWM	BP12PWM	BP13PWM	BP14PWM	BP15PWM	BP16PWM	Debug1	Debug2	Debug3	
16/03/2022 13:50:03	0	0	8	14.99	15.03	0	1620	11	4.199	4.1985	0	0	False	-0.005	-0.33	-1.281667	10	0	0.0001	4.243	4.243	-1	-0.034	4.199	0	0	0	0	0	0	0	0	0	0	0	0	0	0	0	0	0	0	0	0	0	0	0	0	0	0	0	0	0	0	0	0	0	0	0	0	0	0	0	0	0	0	0	0	0	0	0	0	0	0	
16/03/2022 13:50:06	0	0	8	14.99	15	0	4806	14	4.177	4.1773	0	0	False	-2.79	-3.346667	-5.291667	10	0	0.0029	4.22	4.22	-1	-0.046	4.177	0	0	0	0	0	0	0	0	0	0	0	0	0	0	0	0	0	0	0	0	0	0	0	0	0	0	0	0	0	0	0	0	0	0	0	0	0	0	0	0	0	0	0	0	0	0	0	0	0	0	
16/03/2022 13:50:16	0	0	8	14.99	14.95	0	8187	24	4.102	4.1023	0	0	False	-9.493333	-9.945	-10.00833	10	0	0.0284	4.14	4.14	-1	-0.034	4.102	0	0	0	0	0	0	0	0	0	0	0	0	0	0	0	0	0	0	0	0	0	0	0	0	0	0	0	0	0	0	0	0	0	0	0	0	0	0	0	0	0	0	0	0	0	0	0	0	0	0	
16/03/2022 13:50:26	0	0	8	14.98	14.95	0	8183	34	4.07	4.071	0	0	False	-9.726666	-10.00167	-9.965	10	0	0.0562	4.117	4.117	-1	-0.046	4.07	0	0	0	0	0	0	0	0	0	0	0	0	0	0	0	0	0	0	0	0	0	0	0	0	0	0	0	0	0	0	0	0	0	0	0	0	0	0	0	0	0	0	0	0	0	0	0	0	0	0	
16/03/2022 13:50:36	0	0	8	14.99	14.95	0	8187	44	4.053	4.0535	0	0	False	-9.851666	-9.998333	-10.00833	10	0	0.0839	4.094	4.094	-1	-0.034	4.053	0	0	0	0	0	0	0	0	0	0	0	0	0	0	0	0	0	0	0	0	0	0	0	0	0	0	0	0	0	0	0	0	0	0	0	0	0	0	0	0	0	0	0	0	0	0	0	0	0	0	
16/03/2022 13:50:46	0	0	8	14.99	14.95	0	8191	54	4.04	4.041	0	0	False	-9.915	-9.996667	-9.996667	10	0	0.1117	4.082	4.082	-1	-0.034	4.04	0	0	0	0	0	0	0	0	0	0	0	0	0	0	0	0	0	0	0	0	0	0	0	0	0	0	0	0	0	0	0	0	0	0	0	0	0	0	0	0	0	0	0	0	0	0	0	0	0	0	
16/03/2022 13:50:56	0	0	8	14.99	14.95	0	8191	64	4.031	4.0321	0	0	False	-9.945	-9.968333	-9.978333	10	0	0.1395	4.06	4.071	-1	-0.046	4.031	0	0	0	0	0	0	0	0	0	0	0	0	0	0	0	0	0	0	0	0	0	0	0	0	0	0	0	0	0	0	0	0	0	0	0	0	0	0	0	0	0	0	0	0	0	0	0	0	0	0	
16/03/2022 13:51:06	0	0	8	14.99	14.95	0	8191	74	4.024	4.0247	0	0	False	-9.958333	-9.956667	-9.978333	10	0	0.1671	4.06	4.071	-1	-0.034	4.024	0	0	0	0	0	0	0	0	0	0	0	0	0	0	0	0	0	0	0	0	0	0	0	0	0	0	0	0	0	0	0	0	0	0	0	0	0	0	0	0	0	0	0	0	0	0	0	0	0	0	
16/03/2022 13:51:16	0	0	8	14.99	14.95	0	8191	84	4.018	4.0186	0	0	False	-9.961667	-9.958333	-9.935	10	0	0.1948	4.048	4.06	-1	-0.046	4.018	0	0	0	0	0	0	0	0	0	0	0	0	0	0	0	0	0	0	0	0	0	0	0	0	0	0	0	0	0	0	0	0	0	0	0	0	0	0	0	0	0	0	0	0	0	0	0	0	0	0	
16/03/2022 13:51:26	0	0	8	14.98	14.95	0	8191	93	4.013	4.0137	0	0	False	-9.958333	-9.958333	-9.935	10	0	0.2196	4.048	4.06	-1	-0.034	4.013	0	0	0	0	0	0	0	0	0	0	0	0	0	0	0	0	0	0	0	0	0	0	0	0	0	0	0	0	0	0	0	0	0	0	0	0	0	0	0	0	0	0	0	0	0	0	0	0	0	0	
16/03/2022 13:51:36	0	0	8	14.99	14.95	0	8191	103	4.009	4.0097	0	0	False	-9.96	-9.96	-9.966666	10	0	0.2473	4.048	4.057	-1	-0.046	4.009	0	0	0	0	0	0	0	0	0	0	0	0	0	0	0	0	0	0	0	0	0	0	0	0	0	0	0	0	0	0	0	0	0	0	0	0	0	0	0	0	0	0	0	0	0	0	0	0	0	0	
16/03/2022 13:51:46	0	0	8	14.99	14.95	0	8191	113	4.005	4.006	0	0	False	-9.956667	-9.96	-10	10	0	0.275	4.037	4.048	-1	-0.046	4.005	0	0	0	0	0	0	0	0	0	0	0	0	0	0	0	0	0	0	0	0	0	0	0	0	0	0	0	0	0	0	0	0	0	0	0	0	0	0	0	0	0	0	0	0	0	0	0	0	0	0	
16/03/2022 13:51:56	0	0	8	14.98	14.95	0	8191	123	4.002	4.0022	0	0	False	-9.956667	-9.951667	-9.935	10	0	0.3027	4.037	4.048	-1	-0.034	4.002	0	0	0	0	0	0	0	0	0	0	0	0	0	0	0	0	0	0	0	0	0	0	0	0	0	0	0	0	0	0	0	0	0	0	0	0	0	0	0	0	0	0	0	0	0	0	0	0	0	0	
16/03/2022 13:52:06	0	0	8	14.98	14.95	0	8191	133	3.998	3.9985	0	0	False	-9.955	-9.958333	-9.955	10	0	0.3303	4.037	4.04	-1	-0.034	3.998	0	0	0	0	0	0	0	0	0	0	0	0	0	0	0	0	0	0	0	0	0	0	0	0	0	0	0	0	0	0	0	0	0	0	0	0	0	0	0	0	0	0	0	0	0	0	0	0	0	0	
16/03/2022 13:52:16	0	0	8	14.99	14.95	0	8191	143	3.995	3.9954	0	0	False	-9.961667	-9.955	-9.955	10	0	0.358	4.025	4.037	-1	-0.046	3.995	0	0	0	0	0	0	0	0	0	0	0	0	0	0	0	0	0	0	0	0	0	0	0	0	0	0	0	0	0	0	0	0	0	0	0	0	0	0	0	0	0	0	0	0	0	0	0	0	0	0	
16/03/2022 13:52:26	0	0	8	14.98	14.95	0	8191	153	3.991	3.9921	0	0	False	-9.961667	-9.956667	-9.955	10	0	0.3856	4.025	4.037	-1	-0.034	3.991	0	0	0	0	0	0	0	0	0	0	0	0	0	0	0	0	0	0	0	0	0	0	0	0	0	0	0	0	0	0	0	0	0	0	0	0	0	0	0	0	0	0	0	0	0	0	0	0	0	0	
16/03/2022 13:52:36	0	0	8	14.98	14.95	0	8191	163	3.988	3.9884	0	0	False	-9.956667	-9.958333	-9.966666	10	0	0.4133	4.025	4.029	-1	-0.023	3.988	0	0	0	0	0	0	0	0	0	0	0	0	0	0	0	0	0	0	0	0	0	0	0	0	0	0	0	0	0	0	0	0	0	0	0	0	0	0	0	0	0	0	0	0	0	0	0	0	0	0	
16/03/2022 13:52:46	0	0	8	14.98	14.95	0	8191	173	3.984	3.9849	0	0	False	-9.958333	-9.955	-9.935	10	0	0.4409	4.025	4.025	-1	-0.034	3.984	0	0	0	0	0	0	0	0	0	0	0	0	0	0	0	0	0	0	0	0	0	0	0	0	0	0	0	0	0	0	0	0	0	0	0	0	0	0	0	0	0	0	0	0	0	0	0	0	0	0	
16/03/2022 13:52:56	0	0	8	14.99	14.95	0	8191	183	3.981	3.9821	0	0	False	-9.956667	-9.956667	-9.965	10	0	0.4686	4.014	4.025	-1	-0.034	3.981	0	0	0	0	0	0	0	0	0	0	0	0	0	0	0	0	0	0	0	0	0	0	0	0	0	0	0	0	0	0	0	0	0	0	0	0	0	0	0	0	0	0	0	0	0	0	0	0	0	0	
16/03/2022 13:53:06	0	0	8	14.99	14.95	0	8191	193	3.978	3.9784	0	0	False	-9.955	-9.956667	-9.965	10	0	0.4962	4.014	4.021	-1	-0.023	3.978	0	0	0	0	0	0	0	0	0	0	0	0	0	0	0	0	0	0	0	0	0	0	0	0	0	0	0	0	0	0	0	0	0	0	0	0	0	0	0	0	0	0	0	0	0	0	0	0	0	0	
16/03/2022 13:53:16	0	0	8	14.98	14.95	0	8191	203	3.974	3.975	0	0	False	-9.958333	-9.956667	-9.955	10	0	0.5239	4.002	4.014	-1	-0.034	3.974	0	0	0	0	0	0	0	0	0	0	0	0	0	0	0	0	0	0	0	0	0	0	0	0	0	0	0	0	0	0	0	0	0	0	0	0	0	0	0	0	0	0	0	0	0	0	0	0	0	0	
16/03/2022 13:53:26	0	0	8	14.99	14.95	0	8191	213	3.971	3.9713	0	0	False	-9.955	-9.953333	-9.935	10	0	0.5515	4.002	4.014	-1	-0.034	3.971	0	0	0	0	0	0	0	0	0	0	0	0	0	0	0	0	0	0	0	0	0	0	0	0	0	0	0	0	0	0	0	0	0	0	0	0	0	0	0	0	0	0	0	0	0	0	0	0	0	0	
16/03/2022 13:53:36	0	0	8	14.99	14.95	0	8191	223	3.967	3.9672	0	0	False	-9.955	-9.955	-9.966666	10	0	0.5792	3.991	4.012	-1	-0.023	3.967	0	0	0	0	0	0	0	0	0	0	0	0	0	0	0	0	0	0	0	0	0	0	0	0	0	0	0	0	0	0	0	0	0	0	0	0	0	0	0	0	0	0	0	0	0	0	0	0	0	0	
16/03/2022 13:53:46	0	0	8	14.98	14.95	0	8191	233	3.963	3.9635	0	0	False	-9.956667	-9.966666	-9.966666	10	0	0.6068	3.991	4.002	-1	-0.034	3.963	0	0	0	0	0	0	0	0	0	0	0	0	0	0	0	0	0	0	0	0	0	0	0	0	0	0	0	0	0	0	0	0	0	0	0	0	0	0	0	0	0	0	0	0	0	0	0	0	0	0	
16/03/2022 13:53:56	0	0	8	14.99	14.95	0	8191	243	3.958	3.9585	0	0	False	-9.953333	-9.953333	-9.965	10	0	0.6345	3.991	4.001	-1	-0.034	3.958	0	0	0	0	0	0	0	0	0	0	0	0	0	0	0	0	0	0	0	0	0	0	0	0	0	0	0	0	0	0	0	0	0	0	0	0	0	0	0	0	0	0	0	0	0	0	0	0	0	0	
16/03/2022 13:54:06	0	0	8	14.99	14.95	0	8191	253	3.953	3.9535	0	0	False	-9.955	-9.953333	-9.966666	10	0	0.6622	3.991	3.991	-1	-0.046	3.953	0	0	0	0	0	0	0	0	0	0	0	0	0	0	0	0	0	0	0	0	0	0	0	0	0	0	0	0	0	0	0	0	0	0	0	0	0	0	0	0	0	0	0	0	0	0	0	0	0	0	
16/03/2022 13:54:16	0	0	8	14.98	14.95	0	8191	262	3.948	3.9483	0	0	False	-9.955	-9.941667	-9.901667	10	0	0.687	3.979	3.991	-1	-0.034	3.948	0	0	0	0	0	0	0	0	0	0	0	0	0	0	0	0	0	0	0	0	0	0	0	0	0	0	0	0	0	0	0	0	0	0	0	0	0	0	0	0	0	0	0	0	0	0	0	0	0	0	
16/03/2022 13:54:26	0	0	8	14.99	14.95	0	8191	272	3.94	3.941	0	0	False	-9.96	-9.953333	-9.923333	10	0	0.7147	3.979	3.979	-1	-0.034	3.94	0	0	0	0	0	0	0	0	0	0	0	0	0	0	0	0	0	0	0	0	0	0	0	0	0	0	0	0	0	0	0	0	0	0	0	0	0	0	0	0	0	0	0	0	0	0	0	0	0	0	
16/03/2022 13:54:36	0	0	8	14.98	14.95	0	8191	282	3.934	3.9343	0	0	False	-9.956667	-9.965	-9.945	10	0	0.7423	3.968	3.979	-1	-0.034	3.934	0	0	0	0	0	0	0	0	0	0	0	0	0	0	0	0	0	0	0	0	0	0	0	0	0	0	0	0	0	0	0	0	0	0	0	0	0	0	0	0	0	0	0	0	0	0	0	0	0	0	
16/03/2022 13:54:46	0	0	8	14.99	14.95	0	8191	292	3.926	3.9271	0	0	False	-9.955	-9.951667	-9.935	10	0	0.77	3.956	3.968	-1	-0.034	3.926	0	0	0	0	0	0	0	0	0	0	0	0	0	0	0	0	0	0	0	0	0	0	0	0	0	0	0	0	0	0	0	0	0	0	0	0	0	0	0	0	0	0	0	0	0	0	0	0	0	0	
16/03/2022 13:54:56	0	0	8	14.99	14.95	0	8191	302	3.919	3.9195	0	0	False	-9.953333	-9.955	-9.911667	10	0	0.7976	3.945	3.956	-1	-0.034	3.919	0	0	0	0	0	0	0	0	0	0	0	0	0	0	0	0	0	0	0	0	0	0	0	0	0	0	0	0	0	0	0	0	0	0	0	0	0	0	0	0	0	0	0	0	0	0	0	0	0	0	
16/03/2022 13:55:06	0	0	8	14.99	14.95	0	8191	312	3.911	3.9116	0	0	False	-9.958333	-9.951667	-9.935	10	0	0.8252	3.945	3.956	-1	-0.034	3.911	0	0	0	0	0	0	0	0	0	0	0	0	0	0	0	0	0	0	0	0	0	0	0	0	0	0	0	0	0	0	0	0	0	0	0	0	0	0	0	0	0	0	0	0	0	0	0	0	0	0	
16/03/2022 13:55:16	0	0	8	14.99	14.95	0	8191	322	3.903	3.9034	0	0	False	-9.955	-9.953333	-9.955	10	0	0.8529	3.933	3.943	-1	-0.034	3.903	0	0	0	0	0	0	0	0	0	0	0	0	0	0	0	0	0	0	0	0	0	0	0	0	0	0	0	0	0	0	0	0	0	0	0	0	0	0	0	0	0	0	0	0	0	0	0	0	0	0	
16/03/2022 13:55:26	0	0	8	14.98	14.95	0	8191	332	3.894	3.8949	0	0	False	-9.955	-9.955	-9.955	10	0	0.8805	3.922	3.933	-1	-0.046	3.894	0	0	0	0	0	0	0	0	0	0	0	0	0	0	0	0	0	0	0	0	0	0	0	0	0	0	0	0	0	0	0	0	0	0	0	0	0	0	0	0	0	0	0	0	0	0	0	0	0	0	
16/03/2022 13:55:36	0	0	8	14.99	14.95	0	8191	342	3.886	3.8871	0	0	False	-9.955	-9.953333	-9.935	10	0	0.9081	3.91	3.922	-1	-0.034	3.886	0	0	0	0	0	0	0	0	0	0	0	0	0	0	0	0	0	0	0	0	0	0	0	0	0	0	0	0	0	0	0	0	0	0	0	0	0	0	0	0	0	0	0	0	0	0	0	0	0	0	
16/03/2022 13:55:46	0	0	8	14.99	14.95	0	8191	352	3.878	3.8787	0	0	False	-9.956667	-9.955	-9.955	10	0	0.9358	3.91	3.922	-1	-0.034	3.878	0	0	0	0	0	0	0	0	0	0	0	0	0	0	0	0	0	0	0	0	0	0	0	0	0	0	0	0	0	0	0	0	0	0	0	0	0	0	0	0	0	0	0	0	0	0	0	0	0	0	
16/03/2022 13:55:56	0	0	8	14.98	14.95	0	8191	362	3.87	3.8709	0	0	False	-9.955	-9.955	-9.955	10	0	0.9634	3.899	3.91	-1	-0.034	3.87	0	0	0	0	0	0	0	0	0	0	0	0	0	0	0	0	0	0	0	0	0	0	0	0	0	0	0	0	0	0	0	0	0	0	0	0	0	0	0	0	0	0	0	0	0	0	0	0	0	0	
16/03/2022 13:56:06	0	0	8	14.99	14.95	0	8191	372	3.862	3.8631	0	0	False	-9.955	-9.955	-9.966666	10	0	0.991	3.888	3.901	-1	-0.034	3.862	0	0	0	0	0	0	0	0	0	0	0	0	0	0	0	0	0	0	0	0	0	0	0	0	0	0	0	0	0	0	0	0	0	0	0	0	0	0	0	0	0	0	0	0	0	0	0	0	0	0	
16/03/2022 13:56:16	0	0	8	14.99	14.95	0	8191	382	3.855	3.8558	0	0	False	-9.953333	-9.953333	-9.955	10	0	1.0187	3.888	3.898	-1	-0.034	3.855	0	0	0	0	0	0	0	0	0	0	0	0	0	0	0	0	0	0	0	0	0	0	0	0	0	0	0	0	0	0	0	0	0	0	0	0	0	0	0	0	0	0	0	0	0	0	0	0	0	0	
16/03/2022 13:56:26	0	0	8	14.99	14.95	0	8191	392	3.848	3.8485	0	0	False	-9.956667	-9.956667	-9.966666	10	0	1.0463	3.865	3.887	-1	-0.034	3.848	0	0	0	0	0	0	0	0	0	0	0	0	0	0	0	0	0	0	0	0	0	0	0	0	0	0	0	0	0	0	0	0	0	0	0	0	0	0	0	0	0	0	0	0	0	0	0	0	0	0	
16/03/2022 13:56:36	0	0	8	14.99	14.95	0	8191	402	3.841	3.842	0	0	False	-9.955	-9.956667	-9.966666	10	0	1.074	3.876	3.88	-1	-0.034	3.841	0	0	0	0	0	0	0	0	0	0	0	0	0	0	0	0	0	0	0	0	0	0	0	0	0	0	0	0	0	0	0	0	0	0	0	0	0	0	0	0	0	0	0	0	0	0	0	0	0	0	
16/03/2022 13:56:46	0	0	8	14.99	14.95	0	8191	412	3.835	3.8354	0	0	False	-9.953333	-9.953333	-9.955	10	0	1.1016	3.865	3.876	-1	-0.034	3.835	0	0	0	0	0	0	0	0	0	0	0	0	0	0	0	0	0	0	0	0	0	0	0	0	0	0	0	0	0	0	0	0	0	0	0	0	0	0	0	0	0	0	0	0	0	0	0	0	0	0	
16/03/2022 13:56:56	0	0	8	14.99	14.95	0	8191	421	3.829	3.8296	0	0	False	-9.951667	-9.953333	-9.955	10	0	1.1292	3.853	3.865	-1	-0.034	3.829	0	0	0	0	0	0	0	0	0	0	0	0	0	0	0	0	0	0	0	0	0	0	0	0	0	0	0	0	0	0	0	0	0	0	0	0	0	0	0	0	0	0	0	0	0	0	0	0	0	0	
16/03/2022 13:57:06	0	0	8	14.99	14.95	0	8191	431	3.823	3.8234	0	0	False	-9.95	-9.956667	-9.965	10	0	1.1541	3.853	3.865	-1	-0.034	3.823	0	0	0	0	0	0	0	0	0	0	0	0	0	0	0	0	0	0	0	0	0	0	0	0	0	0	0	0	0	0	0	0	0	0	0	0	0	0	0	0	0	0	0	0	0	0	0	0	0	0	
16/03/2022 13:57:16	0	0	8	14.99	14.95	0	8191	441	3.817	3.8175	0	0	False	-9.955	-9.948334	-9.923333	10	0	1.1818	3.842	3.853	-1	-0.034	3.817	0	0	0	0	0	0	0	0	0	0	0	0	0	0	0	0	0	0	0	0	0	0	0	0	0	0	0	0	0	0	0	0	0	0	0	0	0	0	0	0	0	0	0	0	0	0	0	0	0	0	
16/03/2022 13:57:26	0	0	8	14.99	14.95	0	8191	451	3.811	3.8122	0	0	False	-9.955	-9.955	-9.966666	10	0	1.2094	3.842	3.853	-1	-0.034	3.811	0	0	0	0	0	0	0	0	0	0	0	0	0	0	0	0	0	0	0	0	0	0	0	0	0	0	0	0	0	0	0	0	0	0	0	0	0	0	0	0	0	0	0	0	0	0	0	0	0	0	
16/03/2022 13:57:36	0	0	8	14.99	14.95	0	8191	461	3.805	3.8052	0	0	False	-9.955	-9.958333	-9.966666	10	0	1.237	3.842	3.842	-1	-0.034	3.805	0	0	0	0	0	0	0	0	0	0	0	0	0	0	0	0	0	0	0	0	0	0	0	0	0	0	0	0	0	0	0	0	0	0	0	0	0	0	0	0	0	0	0	0	0	0	0	0	0	0	
16/03/2022 13:57:46	0	0	8	14.99	14.95	0	8191	471	3.799	3.7997	0	0	False	-9.956667	-9.95	-9.945	10	0	1.2646	3.83	3.841	-1	-0.034	3.799	0	0	0	0	0	0	0	0	0	0	0	0	0	0	0	0	0	0	0	0	0	0	0	0	0	0	0	0	0	0	0	0	0	0	0	0	0	0	0	0	0	0	0	0	0	0	0	0	0	0	
16/03/2022 13:57:56	0	0	8	14.99	14.95	0	8191	481	3.794	3.7945	0	0	False	-9.953333	-9.955	-9.955	10	0	1.2923	3.819	3.83	-1	-0.034	3.794	0	0	0	0	0	0	0	0	0	0	0	0	0	0	0	0	0	0	0	0	0	0	0	0	0	0	0	0	0	0	0	0	0	0	0	0	0	0	0	0	0	0	0	0	0	0	0	0	0	0	
16/03/2022 13:58:06	0	0	8	14.98	14.95	0	8191	491	3.788	3.7885	0	0	False	-9.951667	-9.955	-9.955	10	0	1.3199	3.819	3.83	-1	-0.034	3.788	0	0	0	0	0	0	0	0	0	0	0	0	0	0	0	0	0	0	0	0	0	0	0	0	0	0	0	0	0	0	0	0	0	0	0	0	0	0	0	0	0	0	0	0	0	0	0	0	0	0	
16/03/2022 13:58:16	0	0	8	14.99	14.95	0	8191	501	3.783	3.7834	0	0	False	-9.953333	-9.955	-9.955	10	0	1.3475	3.807	3.819	-1	-0.023	3.783	0	0	0	0	0	0	0	0	0	0	0	0	0	0	0	0	0	0	0	0	0	0	0	0	0	0	0	0	0	0	0	0	0	0	0	0	0	0	0	0	0	0	0	0	0	0	0	0	0	0	
16/03/2022 13:58:26	0	0	8	14.98	14.95	0	8191	511	3.777	3.7776	0	0	False	-9.958333	-9.958333	-9.965	10	0	1.3752	3.807	3.819	-1	-0.034	3.777	0	0	0	0	0	0	0	0	0	0	0	0	0	0	0	0	0	0	0	0	0	0	0	0	0	0	0	0	0	0	0	0	0	0	0	0	0	0	0	0	0	0	0	0	0	0	0	0	0	0	
16/03/2022 13:58:36	0	0	8	14.99	14.95	0	8191	521	3.771	3.7721	0	0	False	-9.956667	-9.958333	-9.935	10	0	1.4028	3.796	3.807	-1	-0.034	3.771	0	0	0	0	0	0	0	0	0	0	0	0	0	0	0	0	0	0	0	0	0	0	0	0	0	0	0	0	0	0	0	0	0	0	0	0	0	0	0	0	0	0	0	0	0	0	0	0	0	0	
16/03/2022 13:58:46	0	0	8	14.99	14.95	0	8191	531	3.765	3.7659	0	0	False	-9.953333	-9.943334	-9.955	10	0	1.4305	3.796	3.807	-1	-0.034	3.765	0	0	0	0	0	0	0	0	0	0	0	0	0	0	0	0	0	0	0	0	0	0	0	0	0	0	0	0	0	0	0	0	0	0	0	0	0	0	0	0	0	0	0	0	0	0	0	0	0	0	
16/03/2022 13:58:56	0	0	8	14.99	14.95	0	8191	541	3.759	3.7598	0	0	False	-9.953333	-9.953333	-9.901667	10	0	1.4581	3.796	3.796	-1	-0.034	3.759	0	0	0	0	0	0	0	0	0	0	0	0	0	0	0	0	0	0	0	0	0	0	0	0	0	0	0	0	0	0	0	0	0	0	0	0	0	0	0	0	0	0	0	0	0	0	0	0	0	0	
16/03/2022 13:59:06	0	0	8	14.99	14.95	0	8191	550	3.754	3.7546	0	0	False	-9.955	-9.955	-9.966666	10	0	1.483	3.784	3.795	-1	-0.034	3.754	0	0	0	0	0	0	0	0	0	0	0	0	0	0	0	0	0	0	0	0	0	0	0	0	0	0	0	0	0	0	0	0	0	0	0	0	0	0	0	0	0	0	0	0	0	0	0	0	0	0	
16/03/2022 13:59:16	0	0	8	14.98	14.95	0	8191	561	3.746	3.7472	0	0	False	-9.955	-9.956667	-9.966666	10	0	1.5134	3.773	3.784	-1	-0.034	3.746	0	0	0	0	0	0	0	0	0	0	0	0	0	0	0	0	0	0	0	0	0	0	0	0	0	0	0	0	0	0	0	0	0	0	0	0	0	0	0	0	0	0	0	0	0	0	0	0	0	0	
16/03/2022 13:59:26	0	0	8	14.98	14.95	0	8191	571	3.74	3.7409	0	0	False	-9.951667	-9.95	-9.923333	10	0	1.541	3.773	3.781	-1	-0.023	3.74	0	0	0	0	0	0	0	0	0	0	0	0	0	0	0	0	0	0	0	0	0	0	0	0	0	0	0	0	0	0	0	0	0	0	0	0	0	0	0	0	0	0	0	0	0	0	0	0	0	0	
16/03/2022 13:59:36	0	0	8	14.99	14.95	0	8191	580	3.734	3.7345	0	0	False	-9.955	-9.955	-9.955	10	0	1.5687	3.761	3.773	-1	-0.034	3.734	0	0	0	0	0	0	0	0	0	0	0	0	0	0	0	0	0	0	0	0	0	0	0	0	0	0	0	0	0	0	0	0	0	0	0	0	0	0	0	0	0	0	0	0	0	0	0	0	0	0	
16/03/2022 13:59:46	0	0	8	14.98	14.95	0	8191	590	3.727	3.7282	0	0	False	-9.956667	-9.955	-9.955	10	0	1.5935	3.75	3.761	-1	-0.023	3.727	0	0	0	0	0	0	0	0	0	0	0	0	0	0	0	0	0	0	0	0	0	0	0	0	0	0	0	0	0	0	0	0	0	0	0	0	0	0	0	0	0	0	0	0	0	0	0	0	0	0	
16/03/2022 13:59:56	0	0	8	14.99	14.95	0	8191	600	3.72	3.7208	0	0	False	-9.956667	-9.965	-9.965	10	0	1.6212	3.75	3.76	-1	-0.034	3.72	0	0	0	0	0	0	0	0	0	0	0	0	0	0	0	0	0	0	0	0	0	0	0	0	0	0	0	0	0	0	0	0	0	0	0	0	0	0	0	0	0	0	0	0	0	0	0	0	0	0	
16/03/2022 14:00:06	0	0	8	14.99	14.95	0	8191	610	3.714	3.7142	0	0	False	-9.955	-9.955	-9.955	10	0	1.6488	3.75	3.75	-1	-0.023	3.714	0	0	0	0	0	0	0	0	0	0	0	0	0	0	0	0	0	0	0	0	0	0	0	0	0	0	0	0	0	0	0	0	0	0	0	0	0	0	0	0	0	0	0	0	0	0	0	0	0	0	
16/03/2022 14:00:16	0	0	8	14.99	14.95	0	8191	620	3.706	3.7072	0	0	False	-9.955	-9.955	-9.955	10	0	1.6765	3.738	3.746	-1	-0.023	3.706	0	0	0	0	0	0	0	0	0	0	0	0	0	0	0	0	0	0	0	0	0	0	0	0	0	0	0	0	0	0	0	0	0	0	0	0	0	0	0	0	0	0	0	0	0	0	0	0	0	0	
16/03/2022 14:00:26	0	0	8	14.99	14.97	0	7313	630	3.7	3.701	0	0	False	-9.921667	-9.3	-8.841666	10	0	1.7037	3.738	3.738	-1	-0.034	3.7	0	0	0	0	0	0	0	0	0	0	0	0	0	0	0	0	0	0	0	0	0	0	0	0	0	0	0	0	0	0	0	0	0	0	0	0	0	0	0	0	0	0	0	0	0	0	0	0	0	0	
16/03/2022 14:00:36	0	0	8	14.99	14.97	0	6717	640	3.7	3.7009	0	0	False	-8.586667	-8.235	-8.15	10	0	1.7274	3.738	3.738	-1	-0.034	3.7	0	0	0	0	0	0	0	0	0	0	0	0	0	0	0	0	0	0	0	0	0	0	0	0	0	0	0	0	0	0	0	0	0	0	0	0	0	0	0	0	0	0	0	0	0	0	0	0	0	0	
16/03/2022 14:00:46	0	0	8	14.99	14.98	0	6059	650	3.701	3.7013	0	0	False	-7.336667	-7.316667	-7.286667	10	0	1.7485	3.738	3.738	-1	-0.023	3.701	0	0	0	0	0	0	0	0	0	0	0	0	0	0	0	0	0	0	0	0	0	0	0	0	0	0	0	0	0	0	0	0	0	0	0	0	0	0	0	0	0	0	0	0	0	0	0	0	0	0	
16/03/2022 14:00:56	0	0	8	14.98	14.98	0	5637	660	3.7	3.7009	0	0	False	-7.211667	-6.835	-6.843333	10	0	1.768	3.727	3.738	-1	-0.034	3.7	0	0	0	0	0	0	0	0	0	0	0	0	0	0	0	0	0	0	0	0	0	0	0	0	0	0	0	0	0	0	0	0	0	0	0	0	0	0	0	0	0	0	0	0	0	0	0	0	0	0	
16/03/2022 14:01:06	0	0	8	14.99	14.99	0	4983	670	3.7	3.7009	0	0	False	-6.556667	-6.293334	-6.13	10	0	1.7858	3.727	3.738	-1	-0.034	3.7	0	0	0	0	0	0	0	0	0	0	0	0	0	0	0	0	0	0	0	0	0	0	0	0	0	0	0	0	0	0	0	0	0	0	0	0	0	0	0	0	0	0	0	0	0	0	0	0	0	0	
16/03/2022 14:01:16	0	0	8	14.99	14.99	0	4561	680	3.701	3.7012	0	0	False	-5.921667	-5.535	-5.438334	10	0	1.8018	3.738	3.738	-1	-0.034	3.701	0	0	0	0	0	0	0	0	0	0	0	0	0	0	0	0	0	0	0	0	0	0	0	0	0	0	0	0	0	0	0	0	0	0	0	0	0	0	0	0	0	0	0	0	0	0	0	0	0	0	
16/03/2022 14:01:26	0	0	8	14.99	14.99	0	4193	690	3.7	3.7009	0	0	False	-5.701667	-5.256667	-5.081666	10	0	1.8168	3.738	3.738	-1	-0.034	3.7	0	0	0	0	0	0	0	0	0	0	0	0	0	0	0	0	0	0	0	0	0	0	0	0	0	0	0	0	0	0	0	0	0	0	0	0	0	0	0	0	0	0	0	0	0	0	0	0	0	0	
16/03/2022 14:01:36	0	0	8	14.99	14.99	0	4003	700	3.7	3.7009	0	0	False	-5.096667	-4.896667	-4.896667	10	0	1.8305	3.738	3.738	-1	-0.023	3.7	0	0	0	0	0	0	0	0	0	0	0	0	0	0	0	0	0	0	0	0	0	0	0	0	0	0	0	0	0	0	0	0	0	0	0	0	0	0	0	0	0	0	0	0	0	0	0	0	0	0	
16/03/2022 14:01:46	0	0	8	14.99	15	0	3697	710	3.7	3.701	0	0	False	-4.43	-4.411667	-4.411667	10	0	1.8432	3.738	3.738	-1	-0.023	3.7	0	0	0	0	0	0	0	0	0	0	0	0	0	0	0	0	0	0	0	0	0	0	0	0	0	0	0	0	0	0	0	0	0	0	0	0	0	0	0	0	0	0	0	0	0	0	0	0	0	0	
16/03/2022 14:01:56	0	0	8	14.99	15	0	3565	720	3.7	3.701	0	0	False	-4.35	-4.143333	-4.195	10	0	1.855	3.738	3.738	-1	-0.023	3.7	0	0	0	0	0	0	0	0	0	0	0	0	0	0	0	0	0	0	0	0	0	0	0	0	0	0	0	0	0	0	0	0	0	0	0	0	0	0	0	0	0	0	0	0	0	0	0	0	0	0	
16/03/2022 14:02:06	0	0	8	14.99	15	0	3259	730	3.7	3.701	0	0	False	-4.145	-3.771667	-3.816667	10	0	1.8657	3.738	3.738	-1	-0.023	3.7	0	0	0	0	0	0	0	0	0	0	0	0	0	0	0	0	0	0	0	0	0	0	0	0	0	0	0	0	0	0	0	0	0	0	0	0	0	0	0	0	0	0	0	0	0	0	0	0	0	0	
16/03/2022 14:02:16	0	0	8	14.99	15	0	3007	739	3.701	3.7012	0	0	False	-3.918333	-3.518333	-3.54	10	0	1.8758	3.727	3.738	-1	-0.023	3.701	0	0	0	0	0	0	0	0	0	0	0	0	0	0	0	0	0	0	0	0	0	0	0	0	0	0	0	0	0	0	0	0	0	0	0	0	0	0	0	0	0	0	0	0	0	0	0	0	0	0	
16/03/2022 14:02:26	0	0	8	14.99	15.01	0	2701	749	3.7	3.7009	0	0	False	-3.698333	-3.3	-3.2	10	0	1.8842	3.738	3.738	-1	-0.034	3.7	0	0	0	0	0	0	0	0	0	0	0	0	0	0	0	0	0	0	0	0	0	0	0	0	0	0	0	0	0	0	0	0	0	0	0	0	0	0	0	0	0	0	0	0	0	0	0	0	0	0	
16/03/2022 14:02:36	0	0	8	14.98	15.01	0	2623	759	3.7	3.701	0	0	False	-3.451667	-3.158333	-3.15	10	0	1.8929	3.738	3.738	-1	-0.023	3.7	0	0	0	0	0	0	0	0	0	0	0	0	0	0	0	0	0	0	0	0	0	0	0	0	0	0	0	0	0	0	0	0	0	0	0	0	0	0	0	0	0	0	0	0	0	0	0	0	0	0	
16/03/2022 14:02:46	0	0	8	14.98	15.01	0	2375	769	3.7	3.7009	0	0	False	-3.258333	-2.89	-2.858333	10	0	1.9012	3.738	3.738	-1	-0.034	3.7	0	0	0	0	0	0	0	0	0	0	0	0	0	0	0	0	0	0	0	0	0	0	0	0	0	0	0	0	0	0	0	0	0	0	0	0	0	0	0	0	0	0	0	0	0	0	0	0	0	0	
16/03/2022 14:02:56	0	0	8	14.99	15.01	0	2243	779	3.7	3.7009	0	0	False	-3.033333	-2.776667	-2.721667	10	0	1.9089	3.727	3.738	-1	-0.023	3.7	0	0	0	0	0	0	0	0	0	0	0	0	0	0	0	0	0	0	0	0	0	0	0	0	0	0	0	0	0	0	0	0	0	0	0	0	0	0	0	0	0	0	0	0	0	0	0	0	0	0	
16/03/2022 14:03:06	0	0	8	14.99	15.01	0	1995	789	3.7	3.7009	0	0	False	-2.835	-2.495	-2.405	10	0	1.9161	3.738	3.738	-1	-0.034	3.7	0	0	0	0	0	0	0	0	0	0	0	0	0	0	0	0	0	0	0	0	0	0	0	0	0	0	0	0	0	0	0	0	0	0	0	0	0	0	0	0	0	0	0	0	0	0	0	0	0	0	
16/03/2022 14:03:16	0	0	8	14.98	15.01	0	1921	799	3.7	3.7011	0	0	False	-2.643333	-2.286667	-2.251667	10	0	1.9227	3.727	3.738	-1	-0.023	3.7	0	0	0	0	0	0	0	0	0	0	0	0	0	0	0	0	0	0	0	0	0	0	0	0	0	0	0	0	0	0	0	0	0	0	0	0	0	0	0	0	0	0	0	0	0	0	0	0	0	0	
16/03/2022 14:03:26	0	0	8	14.98	15.01	0	1901	809	3.7	3.7009	0	0	False	-2.46	-2.22	-2.295	10	0	1.9289	3.727	3.738	-1	-0.023	3.7	0	0	0	0	0	0	0	0	0	0	0	0	0	0	0	0	0	0	0	0	0	0	0	0	0	0	0	0	0	0	0	0	0	0	0	0	0	0	0	0	0	0	0	0	0	0	0	0	0	0	
16/03/2022 14:03:36	0	0	8	14.98	15.01	0	1653	819	3.7	3.701	0	0	False	-2.31	-2.003333	-1.935	10	0	1.9347	3.727	3.738	-1	-0.023	3.7	0	0	0	0	0	0	0	0	0	0	0	0	0	0	0	0	0	0	0	0	0	0	0	0	0	0	0	0	0	0	0	0	0	0	0	0	0	0	0	0	0	0	0	0	0	0	0	0	0	0	
16/03/2022 14:03:46	0	0	8	14.98	15.02	0	1637	829	3.7	3.7011	0	0	False	-2.156667	-1.876667	-1.896667	10	0	1.9402	3.738	3.738	-1	-0.034	3.7	0	0	0	0	0	0	0	0	0	0	0	0	0	0	0	0	0	0	0	0	0	0	0	0	0	0	0	0	0	0	0	0	0	0	0	0	0	0	0	0	0	0	0	0	0	0	0	0	0	0	
16/03/2022 14:03:56	0	0	8	14.99	15.02	0	1505	839	3.701	3.7013	0	0	False	-2.001667	-1.835	-1.868333	10	0	1.9452	3.738	3.738	-1	-0.023	3.701	0	0	0	0	0	0	0	0	0	0	0	0	0	0	0	0	0	0	0	0	0	0	0	0	0	0	0	0	0	0	0	0	0	0	0	0	0	0	0	0	0	0	0	0	0	0	0	0	0	0	
16/03/2022 14:04:06	0	0	8	14.98	15.02	0	1431	849	3.7	3.7009	0	0	False	-1.888333	-1.633333	-1.648333	10	0	1.9501	3.738	3.738	-1	-0.034	3.7	0	0	0	0	0	0	0	0	0	0	0	0	0	0	0	0	0	0	0	0	0	0	0	0	0	0	0	0	0	0	0	0	0	0	0	0	0	0	0	0	0	0	0	0	0	0	0	0	0	0	
16/03/2022 14:04:16	0	0	8	14.98	15.02	0	1299	859	3.7	3.7009	0	0	False	-1.786667	-1.566667	-1.475	10	0	1.9546	3.738	3.738	-1	-0.023	3.7	0	0	0	0	0	0	0	0	0	0	0	0	0	0	0	0	0	0	0	0	0	0	0	0	0	0	0	0	0	0	0	0	0	0	0	0	0	0	0	0	0	0	0	0	0	0	0	0	0	0	
16/03/2022 14:04:26	0	0	8	14.98	15.02	0	1341	869	3.7	3.7009	0	0	False	-1.675	-1.54	-1.54	10	0	1.9589	3.727	3.738	-1	-0.023	3.7	0	0	0	0	0	0	0	0	0	0	0	0	0	0	0	0	0	0	0	0	0	0	0	0	0	0	0	0	0	0	0	0	0	0	0	0	0	0	0	0	0	0	0	0	0	0	0	0	0	0	
16/03/2022 14:04:36	0	0	8	14.98	15.02	0	1263	879	3.7	3.7009	0	0	False	-1.585	-1.416667	-1.408333	10	0	1.9629	3.738	3.738	-1	-0.034	3.7	0	0	0	0	0	0	0	0	0	0	0	0	0	0	0	0	0	0	0	0	0	0	0	0	0	0	0	0	0	0	0	0	0	0	0	0	0	0	0	0	0	0	0	0	0	0	0	0	0	0	
16/03/2022 14:04:46	0	0	8	14.99	15.02	0	1305	889	3.701	3.7011	0	0	False	-1.486667	-1.391667	-1.48	10	0	1.9667	3.738	3.738	-1	-0.023	3.701	0	0	0	0	0	0	0	0	0	0	0	0	0	0	0	0	0	0	0	0	0	0	0	0	0	0	0	0	0	0	0	0	0	0	0	0	0	0	0	0	0	0	0	0	0	0	0	0	0	0	
16/03/2022 14:04:56	0	0	8	14.99	15.02	0	1057	899	3.7	3.7009	0	0	False	-1.395	-1.271667	-1.206667	10	0	1.9702	3.738	3.738	-1	-0.034	3.7	0	0	0	0	0	0	0	0	0	0	0	0	0	0	0	0	0	0	0	0	0	0	0	0	0	0	0	0	0	0	0	0	0	0	0	0	0	0	0	0	0	0	0	0	0	0	0	0	0	0	
16/03/2022 14:05:06	0	0	8	14.98	15.02	0	1099	908	3.7	3.7009	0	0	False	-1.325	-1.21	-1.2	10	0	1.9736	3.727	3.738	-1	-0.023	3.7	0	0	0	0	0	0	0	0	0	0	0	0	0	0	0	0	0	0	0	0	0	0	0	0	0	0	0	0	0	0	0	0	0	0	0	0	0	0	0	0	0	0	0	0	0	0	0	0	0	0	
16/03/2022 14:05:16	0	0	8	14.98	15.02	0	1083	918	3.701	3.7014	0	0	False	-1.238333	-1.19	-1.211667	10	0	1.9763	3.727	3.738	-1	-0.023	3.701	0	0	0	0	0	0	0	0	0	0	0	0	0	0	0	0	0	0	0	0	0	0	0	0	0	0	0	0	0	0	0	0	0	0	0	0	0	0	0	0	0	0	0	0	0	0	0	0	0	0	
16/03/2022 14:05:26	0	0	8	14.98	15.02	0	835	928	3.701	3.7012	0	0	False	-1.193333	-1.011667	-0.8766667	10	0	1.9794	3.727	3.738	-1	-0.023	3.701	0	0	0	0	0	0	0	0	0	0	0	0	0	0	0	0	0	0	0	0	0	0	0	0	0	0	0	0	0	0	0	0	0	0	0	0	0	0	0	0	0	0	0	0	0	0	0	0	0	0	
16/03/2022 14:05:36	0	0	8	14.98	15.02	0	993	938	3.7	3.7011	0	0	False	-1.103333	-1.041667	-1.141667	10	0	1.9821	3.727	3.738	-1	-0.023	3.7	0	0	0	0	0	0	0	0	0	0	0	0	0	0	0	0	0	0	0	0	0	0	0	0	0	0	0	0	0	0	0	0	0	0	0	0	0	0	0	0	0	0	0	0	0	0	0	0	0	0	
16/03/2022 14:05:46	0	0	8	14.99	15.02	0	977	948	3.7	3.7011	0	0	False	-1.055	-0.975	-1.036667	10	0	1.9849	3.738	3.738	-1	-0.034	3.7	0	0	0	0	0	0	0	0	0	0	0	0	0	0	0	0	0	0	0	0	0	0	0	0	0	0	0	0	0	0	0	0	0	0	0	0	0	0	0	0	0	0	0	0	0	0	0	0	0	0	
16/03/2022 14:05:56	0	0	8	14.98	15.02	0	903	958	3.7	3.7011	0	0	False	-1.001667	-0.8666667	-0.9366667	10	0	1.9874	3.727	3.738	-1	-0.023	3.7	0	0	0	0	0	0	0	0	0	0	0	0	0	0	0	0	0	0	0	0	0	0	0	0	0	0	0	0	0	0	0	0	0	0	0	0	0	0	0	0	0	0	0	0	0	0	0	0	0	0	
16/03/2022 14:06:06	0	0	8	14.98	15.02	0	709	968	3.7	3.7011	0	0	False	-0.955	-0.7333333	-0.6966667	10	0	1.9899	3.738	3.738	-1	-0.034	3.7	0	0	0	0	0	0	0	0	0	0	0	0	0	0	0	0	0	0	0	0	0	0	0	0	0	0	0	0	0	0	0	0	0	0	0	0	0	0	0	0	0	0	0	0	0	0	0	0	0	0	
16/03/2022 14:06:16	0	0	8	14.98	15.02	0	693	978	3.7	3.7009	0	0	False	-0.8966666	-0.7866667	-0.7083333	10	0	1.9922	3.727	3.738	-1	-0.023	3.7	0	0	0	0	0	0	0	0	0	0	0	0	0	0	0	0	0	0	0	0	0	0	0	0	0	0	0	0	0	0	0	0	0	0	0	0	0	0	0	0	0	0	0	0	0	0	0	0	0	0	
16/03/2022 14:06:26	0	0	8	14.98	15.02	0	793	988	3.7	3.701	0	0	False	-0.8433333	-0.8583333	-0.915	10	0	1.9944	3.738	3.738	-1	-0.034	3.7	0	0	0	0	0	0	0	0	0	0	0	0	0	0	0	0	0	0	0	0	0	0	0	0	0	0	0	0	0	0	0	0	0	0	0	0	0	0	0	0	0	0	0	0	0	0	0	0	0	0	
